%%%%%%%%%%%%%%%%%%%%%%%%%%%%%% IMPORTANT: READ THIS %%%%%%%%%%%%%%%%%%%%%%%%%%%%%%%%%%%
%
% Please make sure references are in alphabetical order based on the first author name.
% Then you can use any reference format you want (e.g., the ADS code, or AuthorYear, or 
% whatever) and it'll still be easy to spot and remove duplicates.
%
%%%%%%%%%%%%%%%%%%%%%%%%%%%%%%%%%%%%%%%%%%%%%%%%%%%%%%%%%%%%%%%%%%%%%%%%%%%%%%%%%%%%%%%

@ARTICLE{Agarwal2014,
   author = {{Agarwal}, N. and {Ho}, S. and {Shandera}, S.},
    title = "{Constraining the initial conditions of the Universe using large
scale structure}",
  journal = {\jcap},
archivePrefix = "arXiv",
   eprint = {1311.2606},
 primaryClass = "astro-ph.CO",
     year = 2014,
    month = feb,
   volume = 2,
      eid = {038},
    pages = {38},
      doi = {10.1088/1475-7516/2014/02/038},
   adsurl = {http://adsabs.harvard.edu/abs/2014JCAP...02..038A},
  adsnote = {Provided by the SAO/NASA Astrophysics Data System}
}

@ARTICLE{Alam2015a,
   author = {{Alam}, S. and {Ho}, S. and {Vargas-Maga{\~n}a}, M. and {Schneider}, D.~P.
	},
    title = "{Testing general relativity with growth rate measurement from Sloan Digital Sky Survey - III. Baryon Oscillations Spectroscopic Survey galaxies}",
  journal = {\mnras},
archivePrefix = "arXiv",
   eprint = {1504.02100},
 keywords = {gravitation, galaxies: haloes, galaxies: statistics, cosmological parameters, large-scale structure of Universe},
     year = 2015,
    month = oct,
   volume = 453,
    pages = {1754-1767},
      doi = {10.1093/mnras/stv1737},
   adsurl = {http://adsabs.harvard.edu/abs/2015MNRAS.453.1754A},
  adsnote = {Provided by the SAO/NASA Astrophysics Data System}
}

@ARTICLE{Alam2015b,
   author = {{Alam}, S. and {Ho}, S. and {Silvestri}, A.},
    title = "{Testing deviations from \$$\backslash$Lambda\$CDM with growth rate measurements from 6 Large Scale Structure Surveys at \$$\backslash$mathbf$\{$z=0.06$\}$\$ to 1}",
  journal = {ArXiv e-prints},
archivePrefix = "arXiv",
   eprint = {1509.05034},
 keywords = {Astrophysics - Cosmology and Nongalactic Astrophysics},
     year = 2015,
    month = sep,
   adsurl = {http://adsabs.harvard.edu/abs/2015arXiv150905034A},
  adsnote = {Provided by the SAO/NASA Astrophysics Data System}
}



@ARTICLE{Anderson2014,
   author = {{Anderson}, L. and {Aubourg}, {\'E}. and {Bailey}, S. and {Beutler}, F. and 
	{Bhardwaj}, V. and {Blanton}, M. and {Bolton}, A.~S. and {Brinkmann}, J. and 
	{Brownstein}, J.~R. and {Burden}, A. and {Chuang}, C.-H. and 
	{Cuesta}, A.~J. and {Dawson}, K.~S. and {Eisenstein}, D.~J. and 
	{Escoffier}, S. and {Gunn}, J.~E. and {Guo}, H. and {Ho}, S. and 
	{Honscheid}, K. and {Howlett}, C. and {Kirkby}, D. and {Lupton}, R.~H. and 
	{Manera}, M. and {Maraston}, C. and {McBride}, C.~K. and {Mena}, O. and 
	{Montesano}, F. and {Nichol}, R.~C. and {Nuza}, S.~E. and {Olmstead}, M.~D. and 
	{Padmanabhan}, N. and {Palanque-Delabrouille}, N. and {Parejko}, J. and 
	{Percival}, W.~J. and {Petitjean}, P. and {Prada}, F. and {Price-Whelan}, A.~M. and 
	{Reid}, B. and {Roe}, N.~A. and {Ross}, A.~J. and {Ross}, N.~P. and 
	{Sabiu}, C.~G. and {Saito}, S. and {Samushia}, L. and {S{\'a}nchez}, A.~G. and 
	{Schlegel}, D.~J. and {Schneider}, D.~P. and {Scoccola}, C.~G. and 
	{Seo}, H.-J. and {Skibba}, R.~A. and {Strauss}, M.~A. and {Swanson}, M.~E.~C. and 
	{Thomas}, D. and {Tinker}, J.~L. and {Tojeiro}, R. and {Maga{\~n}a}, M.~V. and 
	{Verde}, L. and {Wake}, D.~A. and {Weaver}, B.~A. and {Weinberg}, D.~H. and 
	{White}, M. and {Xu}, X. and {Y{\`e}che}, C. and {Zehavi}, I. and 
	{Zhao}, G.-B.},
    title = "{The clustering of galaxies in the SDSS-III Baryon Oscillation Spectroscopic Survey: baryon acoustic oscillations in the Data Releases 10 and 11 Galaxy samples}",
  journal = {\mnras},
archivePrefix = "arXiv",
   eprint = {1312.4877},
 keywords = {cosmological parameters, cosmology: observations, dark energy, distance scale, large-scale structure of Universe},
     year = 2014,
    month = jun,
   volume = 441,
    pages = {24-62},
      doi = {10.1093/mnras/stu523},
   adsurl = {http://adsabs.harvard.edu/abs/2014MNRAS.441...24A},
  adsnote = {Provided by the SAO/NASA Astrophysics Data System}
}

@ARTICLE{Atek10,
   author = {{Atek}, H. and {Malkan}, M. and {McCarthy}, P. and {Teplitz}, H.~I. and 
	{Scarlata}, C. and {Siana}, B. and {Henry}, A. and {Colbert}, J.~W. and 
	{Ross}, N.~R. and {Bridge}, C. and {Bunker}, A.~J. and {Dressler}, A. and 
	{Fosbury}, R.~A.~E. and {Martin}, C. and {Shim}, H.},
    title = "{The WFC3 Infrared Spectroscopic Parallel (WISP) Survey}",
  journal = {\apj},
archivePrefix = "arXiv",
   eprint = {1005.4068},
 keywords = {galaxies: distances and redshifts, galaxies: statistics, infrared: galaxies, surveys},
     year = 2010,
    month = nov,
   volume = 723,
    pages = {104-115},
      doi = {10.1088/0004-637X/723/1/104},
   adsurl = {http://adsabs.harvard.edu/abs/2010ApJ...723..104A},
  adsnote = {Provided by the SAO/NASA Astrophysics Data System}
}

@ARTICLE{Baldauf2010,
   author = {{Baldauf}, T. and {Smith}, R.~E. and {Seljak}, U. and {Mandelbaum}, R.
	},
    title = "{Algorithm for the direct reconstruction of the dark matter correlation function from weak lensing and galaxy clustering}",
  journal = {\prd},
archivePrefix = "arXiv",
   eprint = {0911.4973},
 primaryClass = "astro-ph.CO",
 keywords = {Cosmology},
     year = 2010,
    month = mar,
   volume = 81,
   number = 6,
      eid = {063531},
    pages = {063531},
      doi = {10.1103/PhysRevD.81.063531},
   adsurl = {http://adsabs.harvard.edu/abs/2010PhRvD..81f3531B},
  adsnote = {Provided by the SAO/NASA Astrophysics Data System}
}

@ARTICLE{Becker2015,
   author = {{Becker}, M.~R. and {Troxel}, M.~A. and {MacCrann}, N. and {Krause}, E. and 
	{Eifler}, T.~F. and {Friedrich}, O. and {Nicola}, A. and {Refregier}, A. and 
	{Amara}, A. and {Bacon}, D. and {Bernstein}, G.~M. and {Bonnett}, C. and 
	{Bridle}, S.~L. and {Busha}, M.~T. and {Chang}, C. and {Dodelson}, S. and 
	{Erickson}, B. and {Evrard}, A.~E. and {Frieman}, J. and {Gaztanaga}, E. and 
	{Gruen}, D. and {Hartley}, W. and {Jain}, B. and {Jarvis}, M. and 
	{Kacprzak}, T. and {Kirk}, D. and {Kravtsov}, A. and {Leistedt}, B. and 
	{Rykoff}, E.~S. and {Sabiu}, C. and {Sanchez}, C. and {Seo}, H. and 
	{Sheldon}, E. and {Wechsler}, R.~H. and {Zuntz}, J. and {Abbott}, T. and 
	{Abdalla}, F.~B. and {Allam}, S. and {Armstrong}, R. and {Banerji}, M. and 
	{Bauer}, A.~H. and {Benoit-Levy}, A. and {Bertin}, E. and {Brooks}, D. and 
	{Buckley-Geer}, E. and {Burke}, D.~L. and {Capozzi}, D. and 
	{Carnero Rosell}, A. and {Carrasco Kind}, M. and {Carretero}, J. and 
	{Castander}, F.~J. and {Crocce}, M. and {Cunha}, C.~E. and {D'Andrea}, C.~B. and 
	{da Costa}, L.~N. and {DePoy}, D.~L. and {Desai}, S. and {Diehl}, H.~T. and 
	{Dietrich}, J.~P. and {Doel}, P. and {Fausti Neto}, A. and {Fernandez}, E. and 
	{Finley}, D.~A. and {Flaugher}, B. and {Fosalba}, P. and {Gerdes}, D.~W. and 
	{Gruendl}, R.~A. and {Gutierrez}, G. and {Honscheid}, K. and 
	{James}, D.~J. and {Kuehn}, K. and {Kuropatkin}, N. and {Lahav}, O. and 
	{Li}, T.~S. and {Lima}, M. and {Maia}, M.~A.~G. and {March}, M. and 
	{Martini}, P. and {Melchior}, P. and {Miller}, C.~J. and {Miquel}, R. and 
	{Mohr}, J.~J. and {Nichol}, R.~C. and {Nord}, B. and {Ogando}, R. and 
	{Plazas}, A.~A. and {Reil}, K. and {Romer}, A.~K. and {Roodman}, A. and 
	{Sako}, M. and {Sanchez}, E. and {Scarpine}, V. and {Schubnell}, M. and 
	{Sevilla-Noarbe}, I. and {Smith}, R.~C. and {Soares-Santos}, M. and 
	{Sobreira}, F. and {Suchyta}, E. and {Swanson}, M.~E.~C. and 
	{Tarle}, G. and {Thaler}, J. and {Thomas}, D. and {Vikram}, V. and 
	{Walker}, A.~R. and {The DES Collaboration}},
    title = "{Cosmic Shear Measurements with DES Science Verification Data}",
  journal = {ArXiv e-prints},
archivePrefix = "arXiv",
   eprint = {1507.05598},
 keywords = {Astrophysics - Cosmology and Nongalactic Astrophysics},
     year = 2015,
    month = jul,
   adsurl = {http://adsabs.harvard.edu/abs/2015arXiv150705598B},
  adsnote = {Provided by the SAO/NASA Astrophysics Data System}
}

@ARTICLE{Benjamin13,
   author = {{Benjamin}, J. and {Van Waerbeke}, L. and {Heymans}, C. and 
{Kilbinger}, M. and {Erben}, T. and {Hildebrandt}, H. and {Hoekstra}, H. and 
{Kitching}, T.~D. and {Mellier}, Y. and {Miller}, L. and {Rowe}, B. and 
{Schrabback}, T. and {Simpson}, F. and {Coupon}, J. and {Fu}, L. and 
{Harnois-D{\'e}raps}, J. and {Hudson}, M.~J. and {Kuijken}, K. and 
{Semboloni}, E. and {Vafaei}, S. and {Velander}, M.},
    title = "{CFHTLenS tomographic weak lensing: quantifying accurate redshift distributions}",
  journal = {\mnras},
archivePrefix = "arXiv",
   eprint = {1212.3327},
 keywords = {techniques: photometric, galaxies: distances and redshifts, galaxies: photometry, cosmological parameters -- cosmology: observations, large-scale structure of Universe},
     year = 2013,
    month = may,
   volume = 431,
    pages = {1547-1564},
      doi = {10.1093/mnras/stt276},
   adsurl = {http://adsabs.harvard.edu/abs/2013MNRAS.431.1547B},
  adsnote = {Provided by the SAO/NASA Astrophysics Data System}
}

@ARTICLE{Benson2010,
   author = {{Benson}, A.~J. and {Bower}, R.},
    title = "{Galaxy formation spanning cosmic history}",
  journal = {\mnras},
archivePrefix = "arXiv",
   eprint = {1003.0011},
 keywords = {galaxies: evolution, galaxies: formation, galaxies: general,
galaxies: high-redshift, intergalactic medium},
     year = 2010,
    month = jul,
   volume = 405,
    pages = {1573-1623},
      doi = {10.1111/j.1365-2966.2010.16592.x},
   adsurl = {http://adsabs.harvard.edu/abs/2010MNRAS.405.1573B},
  adsnote = {Provided by the SAO/NASA Astrophysics Data System}
}

@ARTICLE{Benson2012,
   author = {{Benson}, A.~J.},
    title = "{GALACTICUS: A semi-analytic model of galaxy formation}",
  journal = {\na},
archivePrefix = "arXiv",
   eprint = {1008.1786},
     year = 2012,
    month = feb,
   volume = 17,
    pages = {175-197},
      doi = {10.1016/j.newast.2011.07.004},
   adsurl = {http://adsabs.harvard.edu/abs/2012NewA...17..175B},
  adsnote = {Provided by the SAO/NASA Astrophysics Data System}
}

@ARTICLE{Bernstein2011,
   author = {{Bernstein}, G.~M. and {Cai}, Y.-C.},
    title = "{Cosmology without cosmic variance}",
  journal = {\mnras},
archivePrefix = "arXiv",
   eprint = {1104.3862},
 keywords = {gravitational lensing: weak, methods: statistical, large-scale
structure of Universe},
     year = 2011,
    month = oct,
   volume = 416,
    pages = {3009-3016},
      doi = {10.1111/j.1365-2966.2011.19249.x},
   adsurl = {http://adsabs.harvard.edu/abs/2011MNRAS.416.3009B},
  adsnote = {Provided by the SAO/NASA Astrophysics Data System}
}

@ARTICLE{Blake03,
   author = {{Blake}, C. and {Glazebrook}, K.},
    title = "{Probing Dark Energy Using Baryonic Oscillations in the Galaxy Power Spectrum as a Cosmological Ruler}",
  journal = {\apj},
   eprint = {astro-ph/0301632},
 keywords = {Cosmology: Cosmological Parameters, Cosmology: Large-Scale Structure of Universe, Surveys},
     year = 2003,
    month = sep,
   volume = 594,
    pages = {665-673},
      doi = {10.1086/376983},
   adsurl = {http://adsabs.harvard.edu/abs/2003ApJ...594..665B},
  adsnote = {Provided by the SAO/NASA Astrophysics Data System}
}

@ARTICLE{Bordoloi2010,
   author = {{Bordoloi}, R. and {Lilly}, S.~J. and {Amara}, A.},
    title = "{Photo-z performance for precision cosmology}",
  journal = {\mnras},
archivePrefix = "arXiv",
   eprint = {0910.5735},
 keywords = {methods: statistical, galaxies: distances and redshifts, cosmology: observations},
     year = 2010,
    month = aug,
   volume = 406,
    pages = {881-895},
      doi = {10.1111/j.1365-2966.2010.16765.x},
   adsurl = {http://adsabs.harvard.edu/abs/2010MNRAS.406..881B},
  adsnote = {Provided by the SAO/NASA Astrophysics Data System}
}

@ARTICLE{2007NJPh....9..444B,
   author = {{Bridle}, S. and {King}, L.},
    title = "{Dark energy constraints from cosmic shear power spectra: impact of intrinsic alignments on photometric redshift requirements}",
  journal = {New Journal of Physics},
archivePrefix = "arXiv",
   eprint = {0705.0166},
     year = 2007,
    month = dec,
   volume = 9,
    pages = {444},
      doi = {10.1088/1367-2630/9/12/444},
   adsurl = {http://adsabs.harvard.edu/abs/2007NJPh....9..444B},
  adsnote = {Provided by the SAO/NASA Astrophysics Data System}
}

@ARTICLE{Bridle2010,
   author = {{Bridle}, S. and {Balan}, S.~T. and {Bethge}, M. and {Gentile}, M. and 
	{Harmeling}, S. and {Heymans}, C. and {Hirsch}, M. and {Hosseini}, R. and 
	{Jarvis}, M. and {Kirk}, D. and {Kitching}, T. and {Kuijken}, K. and 
	{Lewis}, A. and {Paulin-Henriksson}, S. and {Sch{\"o}lkopf}, B. and 
	{Velander}, M. and {Voigt}, L. and {Witherick}, D. and {Amara}, A. and 
	{Bernstein}, G. and {Courbin}, F. and {Gill}, M. and {Heavens}, A. and 
	{Mandelbaum}, R. and {Massey}, R. and {Moghaddam}, B. and {Rassat}, A. and 
	{R{\'e}fr{\'e}gier}, A. and {Rhodes}, J. and {Schrabback}, T. and 
	{Shawe-Taylor}, J. and {Shmakova}, M. and {van Waerbeke}, L. and 
	{Wittman}, D.},
    title = "{Results of the GREAT08 Challenge: an image analysis competition for cosmological lensing}",
  journal = {\mnras},
archivePrefix = "arXiv",
   eprint = {0908.0945},
 keywords = {gravitational lensing: weak, methods: data analysis, methods: statistical, techniques: image processing, cosmology: observations, large-scale structure of Universe},
     year = 2010,
    month = jul,
   volume = 405,
    pages = {2044-2061},
      doi = {10.1111/j.1365-2966.2010.16598.x},
   adsurl = {http://adsabs.harvard.edu/abs/2010MNRAS.405.2044B},
  adsnote = {Provided by the SAO/NASA Astrophysics Data System}
}

@ARTICLE{Cacciato2013,
   author = {{Cacciato}, M. and {van den Bosch}, F.~C. and {More}, S. and 
	{Mo}, H. and {Yang}, X.},
    title = "{Cosmological constraints from a combination of galaxy clustering and lensing - III. Application to SDSS data}",
  journal = {\mnras},
archivePrefix = "arXiv",
   eprint = {1207.0503},
 keywords = {gravitational lensing: weak, methods: statistical, galaxies: haloes, cosmological parameters, dark matter, large-scale structure of Universe},
     year = 2013,
    month = apr,
   volume = 430,
    pages = {767-786},
      doi = {10.1093/mnras/sts525},
   adsurl = {http://adsabs.harvard.edu/abs/2013MNRAS.430..767C},
  adsnote = {Provided by the SAO/NASA Astrophysics Data System}
}

@ARTICLE{Calzetti00,
   author = {{Calzetti}, D. and {Armus}, L. and {Bohlin}, R.~C. and {Kinney}, A.~L. and {Koornneef}, J. and {Storchi-Bergmann}, T.},
    title = "{The Dust Content and Opacity of Actively Star-forming Galaxies}",
  journal = {\apj},
   eprint = {astro-ph/9911459},
 keywords = {GALAXIES: STARBURST, INFRARED: GALAXIES, INFRARED: ISM: CONTINUUM, ISM: DUST, EXTINCTION},
     year = 2000,
    month = apr,
   volume = 533,
    pages = {682-695},
      doi = {10.1086/308692},
   adsurl = {http://adsabs.harvard.edu/abs/2000ApJ...533..682C},
  adsnote = {Provided by the SAO/NASA Astrophysics Data System}
}

@ARTICLE{Carrick15,
   author = {{Carrick}, J. and {Turnbull}, S.~J. and {Lavaux}, G. and {Hudson}, M.~J.
},
    title = "{Cosmological parameters from the comparison of peculiar velocities with predictions from the 2M++ density field}",
  journal = {\mnras},
archivePrefix = "arXiv",
   eprint = {1504.04627},
 keywords = {Local Group, cosmic background radiation, cosmological parameters, large-scale structure of Universe},
     year = 2015,
    month = jun,
   volume = 450,
    pages = {317-332},
      doi = {10.1093/mnras/stv547},
   adsurl = {http://adsabs.harvard.edu/abs/2015MNRAS.450..317C},
  adsnote = {Provided by the SAO/NASA Astrophysics Data System}
}

@ARTICLE{Charlot00,
   author = {{Charlot}, S. and {Fall}, S.~M.},
    title = "{A Simple Model for the Absorption of Starlight by Dust in Galaxies}",
  journal = {\apj},
   eprint = {astro-ph/0003128},
 keywords = {ISM: Dust, Extinction, Galaxies: ISM, Galaxies: Starburst, Infrared: Galaxies, Ultraviolet: Galaxies},
     year = 2000,
    month = aug,
   volume = 539,
    pages = {718-731},
      doi = {10.1086/309250},
   adsurl = {http://adsabs.harvard.edu/abs/2000ApJ...539..718C},
  adsnote = {Provided by the SAO/NASA Astrophysics Data System}
}

@ARTICLE{Chen15,
   author = {{Chen}, Y.-C. and {Ho}, S. and {Freeman}, P.~E. and {Genovese}, C.~R. and 
	{Wasserman}, L.},
    title = "{Cosmic Web Reconstruction through Density Ridges: Method and Algorithm}",
  journal = {\mnras},
archivePrefix = "arXiv",
   eprint = {1501.05303},
 keywords = {methods: data analysis, methods: statistical, cosmology: observations, large-scale structure of Universe},
     year = 2015,
    month = nov,
   volume = 454,
    pages = {1140-1156},
      doi = {10.1093/mnras/stv1996},
   adsurl = {http://adsabs.harvard.edu/abs/2015MNRAS.454.1140C},
  adsnote = {Provided by the SAO/NASA Astrophysics Data System}
}

@ARTICLE{CW12,
   author = {{Chuang}, C.-H. and {Wang}, Y.},
    title = "{Measurements of H(z) and D$_{A}$(z) from the two-dimensional two-point correlation function of Sloan Digital Sky Survey luminous red galaxies}",
  journal = {\mnras},
archivePrefix = "arXiv",
   eprint = {1102.2251},
 keywords = {cosmology: observations, distance scale, large-scale structure of Universe},
     year = 2012,
    month = oct,
   volume = 426,
    pages = {226-236},
      doi = {10.1111/j.1365-2966.2012.21565.x},
   adsurl = {http://adsabs.harvard.edu/abs/2012MNRAS.426..226C},
  adsnote = {Provided by the SAO/NASA Astrophysics Data System}
}

@ARTICLE{Colbert13,
   author = {{Colbert}, J.~W. and {Teplitz}, H. and {Atek}, H. and {Bunker}, A. and 
	{Rafelski}, M. and {Ross}, N. and {Scarlata}, C. and {Bedregal}, A.~G. and 
	{Dominguez}, A. and {Dressler}, A. and {Henry}, A. and {Malkan}, M. and 
	{Martin}, C.~L. and {Masters}, D. and {McCarthy}, P. and {Siana}, B.
	},
    title = "{Predicting Future Space Near-IR Grism Surveys Using the WFC3 Infrared Spectroscopic Parallels Survey}",
  journal = {\apj},
archivePrefix = "arXiv",
   eprint = {1305.1399},
 keywords = {galaxies: evolution, galaxies: high-redshift, galaxies: luminosity function, mass function},
     year = 2013,
    month = dec,
   volume = 779,
      eid = {34},
    pages = {34},
      doi = {10.1088/0004-637X/779/1/34},
   adsurl = {http://adsabs.harvard.edu/abs/2013ApJ...779...34C},
  adsnote = {Provided by the SAO/NASA Astrophysics Data System}
}

@ARTICLE{Coupon15,
   author = {{Coupon}, J. and {Arnouts}, S. and {van Waerbeke}, L. and {Moutard}, T. and 
{Ilbert}, O. and {van Uitert}, E. and {Erben}, T. and {Garilli}, B. and 
{Guzzo}, L. and {Heymans}, C. and {Hildebrandt}, H. and {Hoekstra}, H. and 
{Kilbinger}, M. and {Kitching}, T. and {Mellier}, Y. and {Miller}, L. and 
{Scodeggio}, M. and {Bonnett}, C. and {Branchini}, E. and {Davidzon}, I. and 
{De Lucia}, G. and {Fritz}, A. and {Fu}, L. and {Hudelot}, P. and 
{Hudson}, M.~J. and {Kuijken}, K. and {Leauthaud}, A. and {Le F{\`e}vre}, O. and 
{McCracken}, H.~J. and {Moscardini}, L. and {Rowe}, B.~T.~P. and 
{Schrabback}, T. and {Semboloni}, E. and {Velander}, M.},
    title = "{The galaxy-halo connection from a joint lensing, clustering and abundance analysis in the CFHTLenS/VIPERS field}",
  journal = {\mnras},
archivePrefix = "arXiv",
   eprint = {1502.02867},
 keywords = {gravitational lensing: weak, galaxies: clusters: general, cosmology: observations, dark matter},
     year = 2015,
    month = may,
   volume = 449,
    pages = {1352-1379},
      doi = {10.1093/mnras/stv276},
   adsurl = {http://adsabs.harvard.edu/abs/2015MNRAS.449.1352C},
  adsnote = {Provided by the SAO/NASA Astrophysics Data System}
}

@ARTICLE{Cuesta2015,
   author = {{Cuesta}, A.~J. and {Vargas-Maga{\~n}a}, M. and {Beutler}, F. and 
	{Bolton}, A.~S. and {Brownstein}, J.~R. and {Eisenstein}, D.~J. and 
	{Gil-Mar{\'{\i}}n}, H. and {Ho}, S. and {McBride}, C.~K. and 
	{Maraston}, C. and {Padmanabhan}, N. and {Percival}, W.~J. and 
	{Reid}, B.~A. and {Ross}, A.~J. and {Ross}, N.~P. and {S{\'a}nchez}, A.~G. and 
	{Schlegel}, D.~J. and {Schneider}, D.~P. and {Thomas}, D. and 
	{Tinker}, J. and {Tojeiro}, R. and {Verde}, L. and {White}, M.
	},
    title = "{The clustering of galaxies in the SDSS-III Baryon Oscillation Spectroscopic Survey: Baryon Acoustic Oscillations in the correlation function of LOWZ and CMASS galaxies in Data Release 12}",
  journal = {ArXiv e-prints},
archivePrefix = "arXiv",
   eprint = {1509.06371},
 keywords = {Astrophysics - Cosmology and Nongalactic Astrophysics},
     year = 2015,
    month = sep,
   adsurl = {http://adsabs.harvard.edu/abs/2015arXiv150906371C},
  adsnote = {Provided by the SAO/NASA Astrophysics Data System}
}

@ARTICLE{dsb2011,
   author = {{van Daalen}, M.~P. and {Schaye}, J. and {Booth}, C.~M. and 
	{Dalla Vecchia}, C.},
    title = "{The effects of galaxy formation on the matter power spectrum: a
challenge for precision cosmology}",
  journal = {\mnras},
archivePrefix = "arXiv",
   eprint = {1104.1174},
 primaryClass = "astro-ph.CO",
 keywords = {gravitational lensing: weak, surveys, galaxies: formation,
cosmology: theory, large-scale structure of Universe},
     year = 2011,
    month = aug,
   volume = 415,
    pages = {3649-3665},
      doi = {10.1111/j.1365-2966.2011.18981.x},
   adsurl = {http://adsabs.harvard.edu/abs/2011MNRAS.415.3649V},
  adsnote = {Provided by the SAO/NASA Astrophysics Data System}
}

@ARTICLE{vanDaalen2014,
   author = {{van Daalen}, M.~P. and {Schaye}, J. and {McCarthy}, I.~G. and 
	{Booth}, C.~M. and {Dalla Vecchia}, C.},
    title = "{The impact of baryonic processes on the two-point correlation
functions of galaxies, subhaloes and matter}",
  journal = {\mnras},
archivePrefix = "arXiv",
   eprint = {1310.7571},
 keywords = {galaxies: formation, cosmology: theory, large-scale structure of
Universe},
     year = 2014,
    month = jun,
   volume = 440,
    pages = {2997-3010},
      doi = {10.1093/mnras/stu482},
   adsurl = {http://adsabs.harvard.edu/abs/2014MNRAS.440.2997V},
  adsnote = {Provided by the SAO/NASA Astrophysics Data System}
}

@article{dePutter:2013xda,
      author         = "de Putter, Roland and Dor{\'e}, Olivier and Takada,
                        Masahiro",
      title          = "{The Synergy between Weak Lensing and Galaxy Redshift
                        Surveys}",
      year           = "2013",
      eprint         = "1308.6070",
      archivePrefix  = "arXiv",
      primaryClass   = "astro-ph.CO",
      SLACcitation   = "%%CITATION = ARXIV:1308.6070;%%"
}

@article{dePutter:2013nha,
      author         = "de Putter, Roland and Dor{\'e}, Olivier and Das, Sudeep",
      title          = "{Using Cross-Correlations to Calibrate Lensing Source
                        Redshift Distributions: Improving Cosmological Constraints
                        from Upcoming Weak Lensing Surveys}",
      journal        = "Astrophys. J.",
      volume         = "780",
      year           = "2014",
      pages          = "185",
      doi            = "10.1088/0004-637X/780/2/185",
      eprint         = "1306.0534",
      archivePrefix  = "arXiv",
      primaryClass   = "astro-ph.CO",
      SLACcitation   = "%%CITATION = ARXIV:1306.0534;%%"
}


@article{dePutter:2014lna,
      author         = "de Putter, Roland and Dor{\'e}, Olivier",
      title          = "{Designing an Inflation Galaxy Survey: how to measure
                        $\sigma(f_{\rm NL}) \sim 1$ using scale-dependent galaxy
                        bias}",
      year           = "2014",
      eprint         = "1412.3854",
      archivePrefix  = "arXiv",
      primaryClass   = "astro-ph.CO",
      SLACcitation   = "%%CITATION = ARXIV:1412.3854;%%"
}

@ARTICLE{DES2015,
   author = {{The Dark Energy Survey Collaboration} and {Abbott}, T. and 
	{Abdalla}, F.~B. and {Allam}, S. and {Amara}, A. and {Annis}, J. and 
	{Armstrong}, R. and {Bacon}, D. and {Banerji}, M. and {Bauer}, A.~H. and 
	{Baxter}, E. and {Becker}, M.~R. and {Benoit-L{\'e}vy}, A. and 
	{Bernstein}, R.~A. and {Bernstein}, G.~M. and {Bertin}, E. and 
	{Blazek}, J. and {Bonnett}, C. and {Bridle}, S.~L. and {Brooks}, D. and 
	{Bruderer}, C. and {Buckley-Geer}, E. and {Burke}, D.~L. and 
	{Busha}, M.~T. and {Capozzi}, D. and {Carnero Rosell}, A. and 
	{Carrasco Kind}, M. and {Carretero}, J. and {Castander}, F.~J. and 
	{Chang}, C. and {Clampitt}, J. and {Crocce}, M. and {Cunha}, C.~E. and 
	{D'Andrea}, C.~B. and {da Costa}, L.~N. and {Das}, R. and {DePoy}, D.~L. and 
	{Desai}, S. and {Diehl}, H.~T. and {Dietrich}, J.~P. and {Dodelson}, S. and 
	{Doel}, P. and {Drlica-Wagner}, A. and {Efstathiou}, G. and 
	{Eifler}, T.~F. and {Erickson}, B. and {Estrada}, J. and {Evrard}, A.~E. and 
	{Fausti Neto}, A. and {Fernandez}, E. and {Finley}, D.~A. and 
	{Flaugher}, B. and {Fosalba}, P. and {Friedrich}, O. and {Frieman}, J. and 
	{Gangkofner}, C. and {Garcia-Bellido}, J. and {Gaztanaga}, E. and 
	{Gerdes}, D.~W. and {Gruen}, D. and {Gruendl}, R.~A. and {Gutierrez}, G. and 
	{Hartley}, W. and {Hirsch}, M. and {Honscheid}, K. and {Huff}, E.~M. and 
	{Jain}, B. and {James}, D.~J. and {Jarvis}, M. and {Kacprzak}, T. and 
	{Kent}, S. and {Kirk}, D. and {Krause}, E. and {Kravtsov}, A. and 
	{Kuehn}, K. and {Kuropatkin}, N. and {Kwan}, J. and {Lahav}, O. and 
	{Leistedt}, B. and {Li}, T.~S. and {Lima}, M. and {Lin}, H. and 
	{MacCrann}, N. and {March}, M. and {Marshall}, J.~L. and {Martini}, P. and 
	{McMahon}, R.~G. and {Melchior}, P. and {Miller}, C.~J. and 
	{Miquel}, R. and {Mohr}, J.~J. and {Neilsen}, E. and {Nichol}, R.~C. and 
	{Nicola}, A. and {Nord}, B. and {Ogando}, R. and {Palmese}, A. and 
	{Peiris}, H.~V. and {Plazas}, A.~A. and {Refregier}, A. and 
	{Roe}, N. and {Romer}, A.~K. and {Roodman}, A. and {Rowe}, B. and 
	{Rykoff}, E.~S. and {Sabiu}, C. and {Sadeh}, I. and {Sako}, M. and 
	{Samuroff}, S. and {S{\'a}nchez}, C. and {Sanchez}, E. and {Seo}, H. and 
	{Sevilla-Noarbe}, I. and {Sheldon}, E. and {Smith}, R.~C. and 
	{Soares-Santos}, M. and {Sobreira}, F. and {Suchyta}, E. and 
	{Swanson}, M.~E.~C. and {Tarle}, G. and {Thaler}, J. and {Thomas}, D. and 
	{Troxel}, M.~A. and {Vikram}, V. and {Walker}, A.~R. and {Wechsler}, R.~H. and 
	{Weller}, J. and {Zhang}, Y. and {Zuntz}, J.},
    title = "{Cosmology from Cosmic Shear with DES Science Verification Data}",
  journal = {ArXiv e-prints},
archivePrefix = "arXiv",
   eprint = {1507.05552},
 keywords = {Astrophysics - Cosmology and Nongalactic Astrophysics},
     year = 2015,
    month = jul,
   adsurl = {http://adsabs.harvard.edu/abs/2015arXiv150705552T},
  adsnote = {Provided by the SAO/NASA Astrophysics Data System}
}


@ARTICLE{Dominguez13,
   author = {{Dom{\'{\i}}nguez}, A. and {Siana}, B. and {Henry},
                  A.~L. and {Scarlata}, C. and {Bedregal}, A.~G. and
                  {Malkan}, M. and {Atek}, H. and {Ross}, N.~R. and
                  {Colbert}, J.~W. and {Teplitz}, H.~I. and
                  {Rafelski},\ M. and {McCarthy}, P. and {Bunker},
                  A. and {Hathi}, N.~P. and {Dressler}, A. and
                  {Martin}, C.~L. and {Masters}, D.},
    title = "{Dust Extinction from Balmer Decrements of Star-forming
                  Galaxies at $0.75 \leqslant z \leqslant 1.5$ with Hubble
                  Space Telescope/Wide-Field-Camera 3 Spectroscopy
                  from the WFC3 Infrared Spectroscopic Parallel
                  Survey\ }",
  journal = {\apj},
archivePrefix = "arXiv",
   eprint = {1206.1867},
 keywords = {dust, extinction, galaxies: evolution, galaxies: high-redshift},
     year = 2013,
    month = feb,
   volume = 763,
      eid = {145},
    pages = {145},
      doi = {10.1088/0004-637X/763/2/145},
   adsurl = {http://adsabs.harvard.edu/abs/2013ApJ...763..145D},
  adsnote = {Provided by the SAO/NASA Astrophysics Data System}
}

@ARTICLE{Dore14,
   author = {{Dor{\'e}}, O. and {Bock}, J. and {Ashby}, M. and {Capak}, P. and 
	{Cooray}, A. and {de Putter}, R. and {Eifler}, T. and {Flagey}, N. and 
	{Gong}, Y. and {Habib}, S. and {Heitmann}, K. and {Hirata}, C. and 
	{Jeong}, W.-S. and {Katti}, R. and {Korngut}, P. and {Krause}, E. and 
	{Lee}, D.-H. and {Masters}, D. and {Mauskopf}, P. and {Melnick}, G. and 
	{Mennesson}, B. and {Nguyen}, H. and {{\"O}berg}, K. and {Pullen}, A. and 
	{Raccanelli}, A. and {Smith}, R. and {Song}, Y.-S. and {Tolls}, V. and 
	{Unwin}, S. and {Venumadhav}, T. and {Viero}, M. and {Werner}, M. and 
	{Zemcov}, M.},
    title = "{Cosmology with the SPHEREX All-Sky Spectral Survey}",
  journal = {ArXiv e-prints},
archivePrefix = "arXiv",
   eprint = {1412.4872},
 keywords = {Astrophysics - Cosmology and Nongalactic Astrophysics},
     year = 2014,
    month = dec,
   adsurl = {http://adsabs.harvard.edu/abs/2014arXiv1412.4872D},
  adsnote = {Provided by the SAO/NASA Astrophysics Data System}
}

@ARTICLE{Eifler2014b,
   author = {{Eifler}, T. and {Krause}, E. and {Schneider}, P. and {Honscheid}, K.
	},
    title = "{Combining probes of large-scale structure with COSMOLIKE}",
  journal = {\mnras},
archivePrefix = "arXiv",
   eprint = {1302.2401},
 keywords = {cosmology: theory, large-scale structure of Universe},
     year = 2014,
    month = may,
   volume = 440,
    pages = {1379-1390},
      doi = {10.1093/mnras/stu251},
   adsurl = {http://adsabs.harvard.edu/abs/2014MNRAS.440.1379E},
  adsnote = {Provided by the SAO/NASA Astrophysics Data System}
}

@ARTICLE{Eifler2008,
   author = {{Eifler}, T. and {Kilbinger}, M. and {Schneider}, P.},
    title = "{Comparing cosmic shear measures. Optimizing the information
content of cosmic shear data vectors}",
  journal = {\aap},
archivePrefix = "arXiv",
   eprint = {0708.4125},
 keywords = {cosmology: theory, gravitational lensing, large-scale structure of
Universe, methods: statistical},
     year = 2008,
    month = apr,
   volume = 482,
    pages = {9-19},
      doi = {10.1051/0004-6361:20078573},
   adsurl = {http://adsabs.harvard.edu/abs/2008A%26A...482....9E},
  adsnote = {Provided by the SAO/NASA Astrophysics Data System}
}

@ARTICLE{Eifler2009,
   author = {{Eifler}, T. and {Schneider}, P. and {Hartlap}, J.},
    title = "{Dependence of cosmic shear covariances on cosmology. Impact on
parameter estimation}",
  journal = {\aap},
archivePrefix = "arXiv",
   eprint = {0810.4254},
 keywords = {cosmology: large-scale structure of the Universe, methods:
statistical, cosmology: theory, cosmology: cosmological parameters},
     year = 2009,
    month = aug,
   volume = 502,
    pages = {721-731},
      doi = {10.1051/0004-6361/200811276},
   adsurl = {http://adsabs.harvard.edu/abs/2009A%26A...502..721E},
  adsnote = {Provided by the SAO/NASA Astrophysics Data System}
}

@ARTICLE{Eifler2014,
   author = {{Eifler}, T. and {Krause}, E. and {Dodelson}, S. and {Zentner}, A. and {Hearin}, A. and {Gnedin}, N.},
    title = "{Accounting for baryonic effects in cosmic shear tomography: Determining a minimal set of nuisance parameters using PCA}",
  journal = {ArXiv e-prints},
archivePrefix = "arXiv",
   eprint = {1405.7423},
 keywords = {Astrophysics - Cosmology and Nongalactic Astrophysics},
     year = 2014,
    month = may,
   adsurl = {http://adsabs.harvard.edu/abs/2014arXiv1405.7423E},
  adsnote = {Provided by the SAO/NASA Astrophysics Data System}
}

@ARTICLE{2004PhRvD..70j3523E,
   author = {{Eisenstein}, D. and {White}, M.},
    title = "{Theoretical uncertainty in baryon oscillations}",
  journal = {\prd},
   eprint = {astro-ph/0407539},
 keywords = {Observational cosmology, Radio microwave, Mass and mass distribution, Background radiations},
     year = 2004,
    month = nov,
   volume = 70,
   number = 10,
      eid = {103523},
    pages = {103523},
      doi = {10.1103/PhysRevD.70.103523},
   adsurl = {http://adsabs.harvard.edu/abs/2004PhRvD..70j3523E},
  adsnote = {Provided by the SAO/NASA Astrophysics Data System}
}

@ARTICLE{Eisenstein2007,
   author = {{Eisenstein}, D.~J. and {Seo}, H.-J. and {Sirko}, E. and {Spergel},
D.~N.
	},
    title = "{Improving Cosmological Distance Measurements by Reconstruction of
the Baryon Acoustic Peak}",
  journal = {\apj},
   eprint = {astro-ph/0604362},
 keywords = {Cosmology: Cosmic Microwave Background, Cosmology: Cosmological
Parameters, Cosmology: Distance Scale, Cosmology: Large-Scale Structure of
Universe},
     year = 2007,
    month = aug,
   volume = 664,
    pages = {675-679},
      doi = {10.1086/518712},
   adsurl = {http://adsabs.harvard.edu/abs/2007ApJ...664..675E},
  adsnote = {Provided by the SAO/NASA Astrophysics Data System}
}

@ARTICLE{Ferland13,
   author = {{Ferland}, G.~J. and {Porter}, R.~L. and {van Hoof}, P.~A.~M. and {Williams}, R.~J.~R. and {Abel}, N.~P. and {Lykins}, M.~L. and {Shaw}, G. and {Henney}, W.~J. and {Stancil}, P.~C.},
    title = "{The 2013 Release of Cloudy}",
  journal = {\rmxaa},
archivePrefix = "arXiv",
   eprint = {1302.4485},
 primaryClass = "astro-ph.GA",
 keywords = {atomic processes, galaxies: active, methods: numerical, molecular processes, radiation mechanisms: general},
     year = 2013,
    month = apr,
   volume = 49,
    pages = {137-163},
   adsurl = {http://adsabs.harvard.edu/abs/2013RMxAA..49..137F},
  adsnote = {Provided by the SAO/NASA Astrophysics Data System}
}

@ARTICLE{Ferrara99,
   author = {{Ferrara}, A. and {Bianchi}, S. and {Cimatti}, A. and {Giovanardi}, C.},
    title = "{An Atlas of Monte Carlo Models of Dust Extinction in Galaxies for Cosmological Applications}",
  journal = {\apjs},
   eprint = {astro-ph/9903078},
 keywords = {ISM: DUST, EXTINCTION, GALAXIES: EVOLUTION, GALAXIES: ISM, RADIATIVE TRANSFER, ISM: Dust, Extinction, Galaxies: Evolution, Galaxies: ISM, Radiative Transfer},
     year = 1999,
    month = aug,
   volume = 123,
    pages = {437-445},
      doi = {10.1086/313244},
   adsurl = {http://adsabs.harvard.edu/abs/1999ApJS..123..437F},
  adsnote = {Provided by the SAO/NASA Astrophysics Data System}
}

@ARTICLE{Fu14,
   author = {{Fu}, L. and {Kilbinger}, M. and {Erben}, T. and {Heymans}, C. and 
	{Hildebrandt}, H. and {Hoekstra}, H. and {Kitching}, T.~D. and 
	{Mellier}, Y. and {Miller}, L. and {Semboloni}, E. and {Simon}, P. and 
	{Van Waerbeke}, L. and {Coupon}, J. and {Harnois-D{\'e}raps}, J. and 
	{Hudson}, M.~J. and {Kuijken}, K. and {Rowe}, B. and {Schrabback}, T. and 
	{Vafaei}, S. and {Velander}, M.},
    title = "{CFHTLenS: cosmological constraints from a combination of cosmic shear two-point and three-point correlations}",
  journal = {\mnras},
archivePrefix = "arXiv",
   eprint = {1404.5469},
 keywords = {methods: statistical, cosmological parameters},
     year = 2014,
    month = jul,
   volume = 441,
    pages = {2725-2743},
      doi = {10.1093/mnras/stu754},
   adsurl = {http://adsabs.harvard.edu/abs/2014MNRAS.441.2725F},
  adsnote = {Provided by the SAO/NASA Astrophysics Data System}
}

@ARTICLE{Green2012,
   author = {{Green}, J. and {Schechter}, P. and {Baltay}, C. and {Bean}, R. and 
	{Bennett}, D. and {Brown}, R. and {Conselice}, C. and {Donahue}, M. and 
	{Fan}, X. and {Gaudi}, B.~S. and {Hirata}, C. and {Kalirai}, J. and 
	{Lauer}, T. and {Nichol}, B. and {Padmanabhan}, N. and {Perlmutter}, S.
and 
	{Rauscher}, B. and {Rhodes}, J. and {Roellig}, T. and {Stern}, D. and 
	{Sumi}, T. and {Tanner}, A. and {Wang}, Y. and {Weinberg}, D. and 
	{Wright}, E. and {Gehrels}, N. and {Sambruna}, R. and {Traub}, W. and 
	{Anderson}, J. and {Cook}, K. and {Garnavich}, P. and {Hillenbrand}, L.
and 
	{Ivezic}, Z. and {Kerins}, E. and {Lunine}, J. and {McDonald}, P. and 
	{Penny}, M. and {Phillips}, M. and {Rieke}, G. and {Riess}, A. and 
	{van der Marel}, R. and {Barry}, R.~K. and {Cheng}, E. and {Content}, D.
and 
	{Cutri}, R. and {Goullioud}, R. and {Grady}, K. and {Helou}, G. and 
	{Jackson}, C. and {Kruk}, J. and {Melton}, M. and {Peddie}, C. and 
	{Rioux}, N. and {Seiffert}, M.},
    title = "{Wide-Field InfraRed Survey Telescope (WFIRST) Final Report}",
  journal = {ArXiv e-prints},
archivePrefix = "arXiv",
   eprint = {1208.4012},
 primaryClass = "astro-ph.IM",
 keywords = {Astrophysics - Instrumentation and Methods for Astrophysics},
     year = 2012,
    month = aug,
   adsurl = {http://adsabs.harvard.edu/abs/2012arXiv1208.4012G},
  adsnote = {Provided by the SAO/NASA Astrophysics Data System}
}

@ARTICLE{Guzzo08,
   author = {{Guzzo}, L. and {Pierleoni}, M. and {Meneux}, B. and {Branchini}, E. and 
	{Le F{\`e}vre}, O. and {Marinoni}, C. and {Garilli}, B. and 
	{Blaizot}, J. and {De Lucia}, G. and {Pollo}, A. and {McCracken}, H.~J. and 
	{Bottini}, D. and {Le Brun}, V. and {Maccagni}, D. and {Picat}, J.~P. and 
	{Scaramella}, R. and {Scodeggio}, M. and {Tresse}, L. and {Vettolani}, G. and 
	{Zanichelli}, A. and {Adami}, C. and {Arnouts}, S. and {Bardelli}, S. and 
	{Bolzonella}, M. and {Bongiorno}, A. and {Cappi}, A. and {Charlot}, S. and 
	{Ciliegi}, P. and {Contini}, T. and {Cucciati}, O. and {de la Torre}, S. and 
	{Dolag}, K. and {Foucaud}, S. and {Franzetti}, P. and {Gavignaud}, I. and 
	{Ilbert}, O. and {Iovino}, A. and {Lamareille}, F. and {Marano}, B. and 
	{Mazure}, A. and {Memeo}, P. and {Merighi}, R. and {Moscardini}, L. and 
	{Paltani}, S. and {Pell{\`o}}, R. and {Perez-Montero}, E. and 
	{Pozzetti}, L. and {Radovich}, M. and {Vergani}, D. and {Zamorani}, G. and 
	{Zucca}, E.},
    title = "{A test of the nature of cosmic acceleration using galaxy redshift distortions}",
  journal = {\nat},
archivePrefix = "arXiv",
   eprint = {0802.1944},
     year = 2008,
    month = jan,
   volume = 451,
    pages = {541-544},
      doi = {10.1038/nature06555},
   adsurl = {http://adsabs.harvard.edu/abs/2008Natur.451..541G},
  adsnote = {Provided by the SAO/NASA Astrophysics Data System}
}


@ARTICLE{2012JCAP...04..034H,
   author = {{Hearin}, A.~P. and {Zentner}, A.~R. and {Ma}, Z.},
    title = "{General requirements on matter power spectrum predictions for cosmology with weak lensing tomography}",
  journal = {\jcap},
archivePrefix = "arXiv",
   eprint = {1111.0052},
     year = 2012,
    month = apr,
   volume = 4,
      eid = {034},
    pages = {34},
      doi = {10.1088/1475-7516/2012/04/034},
   adsurl = {http://adsabs.harvard.edu/abs/2012JCAP...04..034H},
  adsnote = {Provided by the SAO/NASA Astrophysics Data System}
}

@ARTICLE{Heitmann2014,
   author = {{Heitmann}, K. and {Lawrence}, E. and {Kwan}, J. and {Habib}, S.
and 
	{Higdon}, D.},
    title = "{The Coyote Universe Extended: Precision Emulation of the Matter
Power Spectrum}",
  journal = {\apj},
archivePrefix = "arXiv",
   eprint = {1304.7849},
 keywords = {large-scale structure of universe, methods: statistical},
     year = 2014,
    month = jan,
   volume = 780,
      eid = {111},
    pages = {111},
      doi = {10.1088/0004-637X/780/1/111},
   adsurl = {http://adsabs.harvard.edu/abs/2014ApJ...780..111H},
  adsnote = {Provided by the SAO/NASA Astrophysics Data System}
}

@ARTICLE{Heymans2006,
   author = {{Heymans}, C. and {Van Waerbeke}, L. and {Bacon}, D. and {Berge}, J. and 
	{Bernstein}, G. and {Bertin}, E. and {Bridle}, S. and {Brown}, M.~L. and 
	{Clowe}, D. and {Dahle}, H. and {Erben}, T. and {Gray}, M. and 
	{Hetterscheidt}, M. and {Hoekstra}, H. and {Hudelot}, P. and 
	{Jarvis}, M. and {Kuijken}, K. and {Margoniner}, V. and {Massey}, R. and 
	{Mellier}, Y. and {Nakajima}, R. and {Refregier}, A. and {Rhodes}, J. and 
	{Schrabback}, T. and {Wittman}, D.},
    title = "{The Shear Testing Programme - I. Weak lensing analysis of simulated ground-based observations}",
  journal = {\mnras},
   eprint = {astro-ph/0506112},
 keywords = {gravitational lensing , cosmology: observations , large-scale structure of Universe},
     year = 2006,
    month = may,
   volume = 368,
    pages = {1323-1339},
      doi = {10.1111/j.1365-2966.2006.10198.x},
   adsurl = {http://adsabs.harvard.edu/abs/2006MNRAS.368.1323H},
  adsnote = {Provided by the SAO/NASA Astrophysics Data System}
}

@ARTICLE{Heymans13,
   author = {{Heymans}, C. and {Grocutt}, E. and {Heavens}, A. and {Kilbinger}, M. and 
	{Kitching}, T.~D. and {Simpson}, F. and {Benjamin}, J. and {Erben}, T. and 
	{Hildebrandt}, H. and {Hoekstra}, H. and {Mellier}, Y. and {Miller}, L. and 
	{Van Waerbeke}, L. and {Brown}, M.~L. and {Coupon}, J. and {Fu}, L. and 
	{Harnois-D{\'e}raps}, J. and {Hudson}, M.~J. and {Kuijken}, K. and 
	{Rowe}, B. and {Schrabback}, T. and {Semboloni}, E. and {Vafaei}, S. and 
	{Velander}, M.},
    title = "{CFHTLenS tomographic weak lensing cosmological parameter constraints: Mitigating the impact of intrinsic galaxy alignments}",
  journal = {\mnras},
archivePrefix = "arXiv",
   eprint = {1303.1808},
 keywords = {cosmology: observations},
     year = 2013,
    month = jul,
   volume = 432,
    pages = {2433-2453},
      doi = {10.1093/mnras/stt601},
   adsurl = {http://adsabs.harvard.edu/abs/2013MNRAS.432.2433H},
  adsnote = {Provided by the SAO/NASA Astrophysics Data System}
}

@ARTICLE{2012MNRAS.427..146H,
   author = {{Heymans}, C. and {Van Waerbeke}, L. and {Miller}, L. and {Erben}, T. and 
	{Hildebrandt}, H. and {Hoekstra}, H. and {Kitching}, T.~D. and 
	{Mellier}, Y. and {Simon}, P. and {Bonnett}, C. and {Coupon}, J. and 
	{Fu}, L. and {Harnois D{\'e}raps}, J. and {Hudson}, M.~J. and 
	{Kilbinger}, M. and {Kuijken}, K. and {Rowe}, B. and {Schrabback}, T. and 
	{Semboloni}, E. and {van Uitert}, E. and {Vafaei}, S. and {Velander}, M.
	},
    title = "{CFHTLenS: the Canada-France-Hawaii Telescope Lensing Survey}",
  journal = {\mnras},
archivePrefix = "arXiv",
   eprint = {1210.0032},
 keywords = {gravitational lensing: weak, cosmology: observations},
     year = 2012,
    month = nov,
   volume = 427,
    pages = {146-166},
      doi = {10.1111/j.1365-2966.2012.21952.x},
   adsurl = {http://adsabs.harvard.edu/abs/2012MNRAS.427..146H},
  adsnote = {Provided by the SAO/NASA Astrophysics Data System}
}

@ARTICLE{Hikage2012,
   author = {{Hikage}, C. and {Takada}, M. and {Spergel}, D.~N.},
    title = "{Using galaxy-galaxy weak lensing measurements to correct the finger of God}",
  journal = {\mnras},
archivePrefix = "arXiv",
   eprint = {1106.1640},
 keywords = {cosmology: theory, dark energy},
     year = 2012,
    month = feb,
   volume = 419,
    pages = {3457-3481},
      doi = {10.1111/j.1365-2966.2011.19987.x},
   adsurl = {http://adsabs.harvard.edu/abs/2012MNRAS.419.3457H},
  adsnote = {Provided by the SAO/NASA Astrophysics Data System}
}


@ARTICLE{2010A&A...523A..31H,
   author = {{Hildebrandt}, H. and {Arnouts}, S. and {Capak}, P. and {Moustakas}, L.~A. and 
	{Wolf}, C. and {Abdalla}, F.~B. and {Assef}, R.~J. and {Banerji}, M. and 
	{Ben{\'{\i}}tez}, N. and {Brammer}, G.~B. and {Budav{\'a}ri}, T. and 
	{Carliles}, S. and {Coe}, D. and {Dahlen}, T. and {Feldmann}, R. and 
	{Gerdes}, D. and {Gillis}, B. and {Ilbert}, O. and {Kotulla}, R. and 
	{Lahav}, O. and {Li}, I.~H. and {Miralles}, J.-M. and {Purger}, N. and 
	{Schmidt}, S. and {Singal}, J.},
    title = "{PHAT: PHoto-z Accuracy Testing}",
  journal = {\aap},
archivePrefix = "arXiv",
   eprint = {1008.0658},
 keywords = {techniques: photometric, galaxies: distances and redshifts, galaxies: photometry, cosmology: observations, methods: data analysis},
     year = 2010,
    month = nov,
   volume = 523,
      eid = {A31},
    pages = {A31},
      doi = {10.1051/0004-6361/201014885},
   adsurl = {http://adsabs.harvard.edu/abs/2010A%26A...523A..31H},
  adsnote = {Provided by the SAO/NASA Astrophysics Data System}
}

@ARTICLE{Hildebrandt13,
   author = {{Hildebrandt}, H. and {van Waerbeke}, L. and {Scott}, D. and 
	{B{\'e}thermin}, M. and {Bock}, J. and {Clements}, D. and {Conley}, A. and 
	{Cooray}, A. and {Dunlop}, J.~S. and {Eales}, S. and {Erben}, T. and 
	{Farrah}, D. and {Franceschini}, A. and {Glenn}, J. and {Halpern}, M. and 
	{Heinis}, S. and {Ivison}, R.~J. and {Marsden}, G. and {Oliver}, S.~J. and 
	{Page}, M.~J. and {P{\'e}rez-Fournon}, I. and {Smith}, A.~J. and 
	{Rowan-Robinson}, M. and {Valtchanov}, I. and {van der Burg}, R.~F.~J. and 
	{Vieira}, J.~D. and {Viero}, M. and {Wang}, L.},
    title = "{Inferring the mass of submillimetre galaxies by exploiting their gravitational magnification of background galaxies}",
  journal = {\mnras},
archivePrefix = "arXiv",
   eprint = {1212.2650},
 keywords = {gravitational lensing: weak, galaxies: high-redshift, submillimetre: galaxies},
     year = 2013,
    month = mar,
   volume = 429,
    pages = {3230-3237},
      doi = {10.1093/mnras/sts585},
   adsurl = {http://adsabs.harvard.edu/abs/2013MNRAS.429.3230H},
  adsnote = {Provided by the SAO/NASA Astrophysics Data System}
}

@ARTICLE{Hirata2007,
   author = {{Hirata}, C.~M. and {Mandelbaum}, R. and {Ishak}, M. and {Seljak}, U. and 
	{Nichol}, R. and {Pimbblet}, K.~A. and {Ross}, N.~P. and {Wake}, D.
	},
    title = "{Intrinsic galaxy alignments from the 2SLAQ and SDSS surveys: luminosity and redshift scalings and implications for weak lensing surveys}",
  journal = {\mnras},
   eprint = {astro-ph/0701671},
 keywords = {gravitational lensing, cosmology: observations, large-scale structure of Universe},
     year = 2007,
    month = nov,
   volume = 381,
    pages = {1197-1218},
      doi = {10.1111/j.1365-2966.2007.12312.x},
   adsurl = {http://adsabs.harvard.edu/abs/2007MNRAS.381.1197H},
  adsnote = {Provided by the SAO/NASA Astrophysics Data System}
}

@ARTICLE{2003MNRAS.343..459H,
   author = {{Hirata}, C. and {Seljak}, U.},
    title = "{Shear calibration biases in weak-lensing surveys}",
  journal = {\mnras},
   eprint = {astro-ph/0301054},
 keywords = {gravitational lensing, methods: data analysis},
     year = 2003,
    month = aug,
   volume = 343,
    pages = {459-480},
      doi = {10.1046/j.1365-8711.2003.06683.x},
   adsurl = {http://adsabs.harvard.edu/abs/2003MNRAS.343..459H},
  adsnote = {Provided by the SAO/NASA Astrophysics Data System}
}

@ARTICLE{Hirata2004,
   author = {{Hirata}, C.~M. and {Seljak}, U.},
    title = "{Intrinsic alignment-lensing interference as a contaminant of cosmic shear}",
  journal = {\prd},
   eprint = {astro-ph/0406275},
 keywords = {Observational cosmology, Galactic halos, Gravitational lenses and luminous arcs},
     year = 2004,
    month = sep,
   volume = 70,
   number = 6,
      eid = {063526},
    pages = {063526},
      doi = {10.1103/PhysRevD.70.063526},
   adsurl = {http://adsabs.harvard.edu/abs/2004PhRvD..70f3526H},
  adsnote = {Provided by the SAO/NASA Astrophysics Data System}
}

@ARTICLE{2008PhRvD..78d3519H,
   author = {{Ho}, S. and {Hirata}, C. and {Padmanabhan}, N. and {Seljak}, U. and 
	{Bahcall}, N.},
    title = "{Correlation of CMB with large-scale structure. I. Integrated Sachs-Wolfe tomography and cosmological implications}",
  journal = {\prd},
archivePrefix = "arXiv",
   eprint = {0801.0642},
 keywords = {Observational cosmology, Dark energy, Superclusters, large-scale structure of the Universe},
     year = 2008,
    month = aug,
   volume = 78,
   number = 4,
      eid = {043519},
    pages = {043519},
      doi = {10.1103/PhysRevD.78.043519},
   adsurl = {http://adsabs.harvard.edu/abs/2008PhRvD..78d3519H},
  adsnote = {Provided by the SAO/NASA Astrophysics Data System}
}

@ARTICLE{Ho2015,
   author = {{Ho}, S. and {Agarwal}, N. and {Myers}, A.~D. and {Lyons}, R. and 
	{Disbrow}, A. and {Seo}, H.-J. and {Ross}, A. and {Hirata}, C. and 
	{Padmanabhan}, N. and {O'Connell}, R. and {Huff}, E. and {Schlegel}, D. and 
	{Slosar}, A. and {Weinberg}, D. and {Strauss}, M. and {Ross}, N.~P. and 
	{Schneider}, D.~P. and {Bahcall}, N. and {Brinkmann}, J. and 
	{Palanque-Delabrouille}, N. and {Y{\`e}che}, C.},
    title = "{Sloan Digital Sky Survey III photometric quasar clustering: probing the initial conditions of the Universe}",
  journal = {\jcap},
archivePrefix = "arXiv",
   eprint = {1311.2597},
     year = 2015,
    month = may,
   volume = 5,
      eid = {040},
    pages = {40},
      doi = {10.1088/1475-7516/2015/05/040},
   adsurl = {http://adsabs.harvard.edu/abs/2015JCAP...05..040H},
  adsnote = {Provided by the SAO/NASA Astrophysics Data System}
}

@ARTICLE{Ho2012,
   author = {{Ho}, S. and {Cuesta}, A. and {Seo}, H.-J. and {de Putter}, R. and 
	{Ross}, A.~J. and {White}, M. and {Padmanabhan}, N. and {Saito}, S. and 
	{Schlegel}, D.~J. and {Schlafly}, E. and {Seljak}, U. and
{Hern{\'a}ndez-Monteagudo}, C. and 
	{S{\'a}nchez}, A.~G. and {Percival}, W.~J. and {Blanton}, M. and 
	{Skibba}, R. and {Schneider}, D. and {Reid}, B. and {Mena}, O. and 
	{Viel}, M. and {Eisenstein}, D.~J. and {Prada}, F. and {Weaver}, B.~A.
and 
	{Bahcall}, N. and {Bizyaev}, D. and {Brewinton}, H. and {Brinkman}, J.
and 
	{Nicolaci da Costa}, L. and {Gott}, J.~R. and {Malanushenko}, E. and 
	{Malanushenko}, V. and {Nichol}, B. and {Oravetz}, D. and {Pan}, K. and 
	{Palanque-Delabrouille}, N. and {Ross}, N.~P. and {Simmons}, A. and 
	{de Simoni}, F. and {Snedden}, S. and {Yeche}, C.},
    title = "{Clustering of Sloan Digital Sky Survey III Photometric Luminous
Galaxies: The Measurement, Systematics, and Cosmological Implications}",
  journal = {\apj},
archivePrefix = "arXiv",
   eprint = {1201.2137},
 keywords = {cosmological parameters, dark energy, dark matter, distance scale},
     year = 2012,
    month = dec,
   volume = 761,
      eid = {14},
    pages = {14},
      doi = {10.1088/0004-637X/761/1/14},
   adsurl = {http://adsabs.harvard.edu/abs/2012ApJ...761...14H},
  adsnote = {Provided by the SAO/NASA Astrophysics Data System}
}

@ARTICLE{2011arXiv1111.6958H,
   author = {{Huff}, E.~M. and {Hirata}, C.~M. and {Mandelbaum}, R. and {Schlegel}, D. and 
	{Seljak}, U. and {Lupton}, R.~H.},
    title = "{Seeing in the dark -- I. Multi-epoch alchemy}",
  journal = {\mnras},
archivePrefix = "arXiv",
   eprint = {1111.6958},
 primaryClass = "astro-ph.CO",
 keywords = {Astrophysics - Cosmology and Extragalactic Astrophysics},
     year = 2014,
    month = mar,
     volume = 440,
       pages = {1296--1321},
   adsurl = {http://adsabs.harvard.edu/abs/2011arXiv1111.6958H},
  adsnote = {Provided by the SAO/NASA Astrophysics Data System}
}

@ARTICLE{Huff2014,
   author = {{Huff}, E.~M. and {Eifler}, T. and {Hirata}, C.~M. and {Mandelbaum}, R. and 
	{Schlegel}, D. and {Seljak}, U.},
    title = "{Seeing in the dark - II. Cosmic shear in the Sloan Digital Sky Survey}",
  journal = {\mnras},
 keywords = {gravitational lensing: weak, surveys, cosmology: observations},
     year = 2014,
    month = may,
   volume = 440,
    pages = {1322-1344},
      doi = {10.1093/mnras/stu145},
   adsurl = {http://adsabs.harvard.edu/abs/2014MNRAS.440.1322H},
  adsnote = {Provided by the SAO/NASA Astrophysics Data System}
}

@ARTICLE{2003PhRvL..91n1302J,
   author = {{Jain}, B. and {Taylor}, A.},
    title = "{Cross-Correlation Tomography: Measuring Dark Energy Evolution with Weak Lensing}",
  journal = {Physical Review Letters},
   eprint = {astro-ph/0306046},
 keywords = {Observational cosmology, Gravitational lenses and luminous arcs},
     year = 2003,
    month = oct,
   volume = 91,
   number = 14,
      eid = {141302},
    pages = {141302},
      doi = {10.1103/PhysRevLett.91.141302},
   adsurl = {http://adsabs.harvard.edu/abs/2003PhRvL..91n1302J},
  adsnote = {Provided by the SAO/NASA Astrophysics Data System}
}

@article{Jain:2015cpa,
      author         = "Jain, B. and others",
      title          = "{The Whole is Greater than the Sum of the Parts:
                        Optimizing the Joint Science Return from LSST, Euclid and
                        WFIRST}",
      year           = "2015",
      eprint         = "1501.07897",
      archivePrefix  = "arXiv",
      primaryClass   = "astro-ph.IM",
      reportNumber   = "FERMILAB-PUB-15-035-A",
      SLACcitation   = "%%CITATION = ARXIV:1501.07897;%%"
}

@ARTICLE{Jarvis2015,
   author = {{Jarvis}, M. and {Sheldon}, E. and {Zuntz}, J. and {Kacprzak}, T. and 
	{Bridle}, S.~L. and {Amara}, A. and {Armstrong}, R. and {Becker}, M.~R. and 
	{Bernstein}, G.~M. and {Bonnett}, C. and {Chang}, C. and {Das}, R. and 
	{Dietrich}, J.~P. and {Drlica-Wagner}, A. and {Eifler}, T.~F. and 
	{Gangkofner}, C. and {Gruen}, D. and {Hirsch}, M. and {Huff}, E.~M. and 
	{Jain}, B. and {Kent}, S. and {Kirk}, D. and {MacCrann}, N. and 
	{Melchior}, P. and {Plazas}, A.~A. and {Refregier}, A. and {Rowe}, B. and 
	{Rykoff}, E.~S. and {Samuroff}, S. and {S{\'a}nchez}, C. and 
	{Suchyta}, E. and {Troxel}, M.~A. and {Vikram}, V. and {Abbott}, T. and 
	{Abdalla}, F.~B. and {Allam}, S. and {Annis}, J. and {Benoit-L{\'e}vy}, A. and 
	{Bertin}, E. and {Brooks}, D. and {Buckley-Geer}, E. and {Burke}, D.~L. and 
	{Capozzi}, D. and {Carnero Rosell}, A. and {Carrasco Kind}, M. and 
	{Carretero}, J. and {Castander}, F.~J. and {Crocce}, M. and 
	{Cunha}, C.~E. and {D'Andrea}, C.~B. and {da Costa}, L.~N. and 
	{DePoy}, D.~L. and {Desai}, S. and {Diehl}, H.~T. and {Doel}, P. and 
	{Fausti Neto}, A. and {Flaugher}, B. and {Fosalba}, P. and {Frieman}, J. and 
	{Gaztanaga}, E. and {Gerdes}, D.~W. and {Gruendl}, R.~A. and 
	{Gutierrez}, G. and {Honscheid}, K. and {James}, D.~J. and {Kuehn}, K. and 
	{Kuropatkin}, N. and {Lahav}, O. and {Li}, T.~S. and {Lima}, M. and 
	{March}, M. and {Martini}, P. and {Miquel}, R. and {Mohr}, J.~J. and 
	{Neilsen}, E. and {Nord}, B. and {Ogando}, R. and {Reil}, K. and 
	{Romer}, A.~K. and {Roodman}, A. and {Sako}, M. and {Sanchez}, E. and 
	{Scarpine}, V. and {Schubnell}, M. and {Sevilla-Noarbe}, I. and 
	{Smith}, R.~C. and {Soares-Santos}, M. and {Sobreira}, F. and 
	{Swanson}, M.~E.~C. and {Tarle}, G. and {Thaler}, J. and {Thomas}, D. and 
	{Walker}, A.~R. and {Wechsler}, R.~H.},
    title = "{The DES Science Verification Weak Lensing Shear Catalogs}",
  journal = {ArXiv e-prints},
archivePrefix = "arXiv",
   eprint = {1507.05603},
 primaryClass = "astro-ph.IM",
 keywords = {Astrophysics - Instrumentation and Methods for Astrophysics, Astrophysics - Cosmology and Nongalactic Astrophysics},
     year = 2015,
    month = jul,
   adsurl = {http://adsabs.harvard.edu/abs/2015arXiv150705603J},
  adsnote = {Provided by the SAO/NASA Astrophysics Data System}
}

@ARTICLE{Jasche2012,
   author = {{Jasche}, J. and {Wandelt}, B.~D.},
    title = "{Bayesian inference from photometric redshift surveys}",
  journal = {\mnras},
archivePrefix = "arXiv",
   eprint = {1106.2757},
 keywords = {methods: numerical, methods: statistical, cosmology: observations, large-scale structure of Universe },
     year = 2012,
    month = sep,
   volume = 425,
    pages = {1042-1056},
      doi = {10.1111/j.1365-2966.2012.21423.x},
   adsurl = {http://adsabs.harvard.edu/abs/2012MNRAS.425.1042J},
  adsnote = {Provided by the SAO/NASA Astrophysics Data System}
}

@ARTICLE{Kannawadi2016,
   author = {{Kannawadi}, A. and {Shapiro}, C.~A. and {Mandelbaum}, R. and 
	{Hirata}, C.~M. and {Kruk}, J.~W. and {Rhodes}, J.~D.},
    title = "{The Impact of Interpixel Capacitance in CMOS Detectors on PSF Shapes and Implications for WFIRST}",
  journal = {\pasp},
archivePrefix = "arXiv",
   eprint = {1512.01570},
 primaryClass = "astro-ph.IM",
     year = 2016,
    month = sep,
   volume = 128,
   number = 9,
    pages = {095001},
      doi = {10.1088/1538-3873/128/967/095001},
   adsurl = {http://adsabs.harvard.edu/abs/2016PASP..128i5001K},
  adsnote = {Provided by the SAO/NASA Astrophysics Data System}
}

@ARTICLE{Kitching2012,
   author = {{Kitching}, T.~D. and {Balan}, S.~T. and {Bridle}, S. and {Cantale}, N. and 
	{Courbin}, F. and {Eifler}, T. and {Gentile}, M. and {Gill}, M.~S.~S. and 
	{Harmeling}, S. and {Heymans}, C. and {Hirsch}, M. and {Honscheid}, K. and 
	{Kacprzak}, T. and {Kirkby}, D. and {Margala}, D. and {Massey}, R.~J. and 
	{Melchior}, P. and {Nurbaeva}, G. and {Patton}, K. and {Rhodes}, J. and 
	{Rowe}, B.~T.~P. and {Taylor}, A.~N. and {Tewes}, M. and {Viola}, M. and 
	{Witherick}, D. and {Voigt}, L. and {Young}, J. and {Zuntz}, J.
	},
    title = "{Image analysis for cosmology: results from the GREAT10 Galaxy Challenge}",
  journal = {\mnras},
archivePrefix = "arXiv",
   eprint = {1202.5254},
 primaryClass = "astro-ph.CO",
 keywords = {gravitational lensing: weak, methods: statistical, techniques: image processing, cosmology: observations},
     year = 2012,
    month = jul,
   volume = 423,
    pages = {3163-3208},
      doi = {10.1111/j.1365-2966.2012.21095.x},
   adsurl = {http://adsabs.harvard.edu/abs/2012MNRAS.423.3163K},
  adsnote = {Provided by the SAO/NASA Astrophysics Data System}
}

@ARTICLE{Krause2013,
   author = {{Krause}, E. and {Hirata}, C.~M. and {Martin}, C. and {Neill}, J.~D. and 
	{Wyder}, T.~K.},
    title = "{Halo occupation distribution modelling of green valley galaxies}",
  journal = {\mnras},
archivePrefix = "arXiv",
   eprint = {1208.6139},
 keywords = {galaxies: evolution, large-scale structure of Universe},
     year = 2013,
    month = jan,
   volume = 428,
    pages = {2548-2564},
      doi = {10.1093/mnras/sts221},
   adsurl = {http://adsabs.harvard.edu/abs/2013MNRAS.428.2548K},
  adsnote = {Provided by the SAO/NASA Astrophysics Data System}
}


@ARTICLE{Krause2015,
   author = {{Krause}, E. and {Eifler}, T. and {Blazek}, J.},
    title = "{The impact of intrinsic alignment on current and future cosmic shear surveys}",
  journal = {ArXiv e-prints},
archivePrefix = "arXiv",
   eprint = {1506.08730},
 keywords = {Astrophysics - Cosmology and Nongalactic Astrophysics},
     year = 2015,
    month = jun,
   adsurl = {http://adsabs.harvard.edu/abs/2015arXiv150608730K},
  adsnote = {Provided by the SAO/NASA Astrophysics Data System}
}

@ARTICLE{jzl2006,
   author = {{Jing}, Y.~P. and {Zhang}, P. and {Lin}, W.~P. and {Gao}, L. and 
	{Springel}, V.},
    title = "{The Influence of Baryons on the Clustering of Matter and
Weak-Lensing Surveys}",
  journal = {\apjl},
   eprint = {astro-ph/0512426},
 keywords = {Cosmology: Theory, Cosmology: Dark Matter, Galaxies: Formation,
Cosmology: Gravitational Lensing},
     year = 2006,
    month = apr,
   volume = 640,
    pages = {L119-L122},
      doi = {10.1086/503547},
   adsurl = {http://adsabs.harvard.edu/abs/2006ApJ...640L.119J},
  adsnote = {Provided by the SAO/NASA Astrophysics Data System}
}

@ARTICLE{Joachimi2010,
   author = {{Joachimi}, B. and {Bridle}, S.~L.},
    title = "{Simultaneous measurement of cosmology and intrinsic alignments using joint cosmic shear and galaxy number density correlations}",
  journal = {\aap},
archivePrefix = "arXiv",
   eprint = {0911.2454},
 keywords = {cosmology: theory, gravitational lensing: weak, large-scale structure of the Universe, cosmological parameters, methods: data analysis},
     year = 2010,
    month = nov,
   volume = 523,
      eid = {A1},
    pages = {A1},
      doi = {10.1051/0004-6361/200913657},
   adsurl = {http://adsabs.harvard.edu/abs/2010A%26A...523A...1J},
  adsnote = {Provided by the SAO/NASA Astrophysics Data System}
}

@ARTICLE{Kayo2013,
   author = {{Kayo}, I. and {Takada}, M. and {Jain}, B.},
    title = "{Information content of weak lensing power spectrum and bispectrum:
including the non-Gaussian error covariance matrix}",
  journal = {\mnras},
archivePrefix = "arXiv",
   eprint = {1207.6322},
 primaryClass = "astro-ph.CO",
 keywords = {gravitational lensing: weak, cosmology: theory, large-scale
structure of Universe},
     year = 2013,
    month = feb,
   volume = 429,
    pages = {344-371},
      doi = {10.1093/mnras/sts340},
   adsurl = {http://adsabs.harvard.edu/abs/2013MNRAS.429..344K},
  adsnote = {Provided by the SAO/NASA Astrophysics Data System}
}

@ARTICLE{Kiessling2015,
   author = {{Kiessling}, A. and {Cacciato}, M. and {Joachimi}, B. and {Kirk}, D. and 
	{Kitching}, T.~D. and {Leonard}, A. and {Mandelbaum}, R. and 
	{Sch{\"a}fer}, B.~M. and {Sif{\'o}n}, C. and {Brown}, M.~L. and 
	{Rassat}, A.},
    title = "{Galaxy alignments: Theory, modelling and simulations}",
  journal = {ArXiv e-prints},
archivePrefix = "arXiv",
   eprint = {1504.05546},
 keywords = {Astrophysics - Astrophysics of Galaxies, Astrophysics - Cosmology and Nongalactic Astrophysics},
     year = 2015,
    month = apr,
   adsurl = {http://adsabs.harvard.edu/abs/2015arXiv150405546K},
  adsnote = {Provided by the SAO/NASA Astrophysics Data System}
}

@article{Kirk2011,
   author = {{Kirk}, D. and {Laszlo}, I. and {Bridle}, S. and {Bean}, R.},
    title = "{Optimising cosmic shear surveys to measure modifications to gravity on cosmic scales}",
  journal = {ArXiv e-prints},
archivePrefix = "arXiv",
   eprint = {1109.4536},
 primaryClass = "astro-ph.CO",
 keywords = {Astrophysics - Cosmology and Extragalactic Astrophysics},
     year = 2011,
    month = sep,
   adsurl = {http://adsabs.harvard.edu/abs/2011arXiv1109.4536K},
  adsnote = {Provided by the SAO/NASA Astrophysics Data System}
}


@ARTICLE{LSSTDESC12,
  author = {{LSST Dark Energy Science Collaboration}},
   title = "{Large Synoptic Survey Telescope: Dark Energy Science Collaboration}",
 journal = {arXiv:1211.0310},
archivePrefix = "arXiv",
  eprint = {1211.0310},
primaryClass = "astro-ph.CO",
keywords = {Astrophysics - Cosmology and Extragalactic Astrophysics, High Energy Physics - Experiment},
    year = 2012,
   month = nov,
  adsurl = {http://adsabs.harvard.edu/abs/2012arXiv1211.0310L},
 adsnote = {Provided by the SAO/NASA Astrophysics Data System}
}


@article{Laszlo2011,
    author = {{Laszlo}, I. and {Bean}, R. and {Kirk}, D. and {Bridle}, S.},
    title = "{Disentangling dark energy and cosmic tests of gravity from weak lensing systematics}",
  journal = {\mnras},
archivePrefix = "arXiv",
   eprint = {1109.4535},
 keywords = {equation of state, gravitational lensing: weak, cosmological parameters, cosmology: theory, dark energy, large-scale structure of Universe},
     year = 2012,
    month = jun,
   volume = 423,
    pages = {1750-1765},
      doi = {10.1111/j.1365-2966.2012.20994.x},
   adsurl = {http://adsabs.harvard.edu/abs/2012MNRAS.423.1750L},
  adsnote = {Provided by the SAO/NASA Astrophysics Data System}
}



@INPROCEEDINGS{Lupton2001,
   author = {{Lupton}, R. and {Gunn}, J.~E. and {Ivezi{\'c}}, Z. and {Knapp}, G.~R. and 
	{Kent}, S.},
    title = "{The SDSS Imaging Pipelines}",
booktitle = {Astronomical Data Analysis Software and Systems X},
     year = 2001,
   series = {Astronomical Society of the Pacific Conference Series},
   volume = 238,
   eprint = {astro-ph/0101420},
   editor = {{Harnden}, Jr., F.~R. and {Primini}, F.~A. and {Payne}, H.~E.
	},
    pages = {269},
   adsurl = {http://adsabs.harvard.edu/abs/2001ASPC..238..269L},
  adsnote = {Provided by the SAO/NASA Astrophysics Data System}
}

@ARTICLE{Kirk2015,
   author = {{Kirk}, D. and {Brown}, M.~L. and {Hoekstra}, H. and {Joachimi}, B. and 
	{Kitching}, T.~D. and {Mandelbaum}, R. and {Sif{\'o}n}, C. and 
	{Cacciato}, M. and {Choi}, A. and {Kiessling}, A. and {Leonard}, A. and 
	{Rassat}, A. and {Sch{\"a}fer}, B.~M.},
    title = "{Galaxy alignments: Observations and impact on cosmology}",
  journal = {ArXiv e-prints},
archivePrefix = "arXiv",
   eprint = {1504.05465},
 keywords = {Astrophysics - Astrophysics of Galaxies, Astrophysics - Cosmology and Nongalactic Astrophysics},
     year = 2015,
    month = apr,
   adsurl = {http://adsabs.harvard.edu/abs/2015arXiv150405465K},
  adsnote = {Provided by the SAO/NASA Astrophysics Data System}
}

@ARTICLE{Mandelbaum2011,
   author = {{Mandelbaum}, R. and {Blake}, C. and {Bridle}, S. and {Abdalla}, F.~B. and 
	{Brough}, S. and {Colless}, M. and {Couch}, W. and {Croom}, S. and 
	{Davis}, T. and {Drinkwater}, M.~J. and {Forster}, K. and {Glazebrook}, K. and 
	{Jelliffe}, B. and {Jurek}, R.~J. and {Li}, I.-H. and {Madore}, B. and 
	{Martin}, C. and {Pimbblet}, K. and {Poole}, G.~B. and {Pracy}, M. and 
	{Sharp}, R. and {Wisnioski}, E. and {Woods}, D. and {Wyder}, T.
	},
    title = "{The WiggleZ Dark Energy Survey: direct constraints on blue galaxy intrinsic alignments at intermediate redshifts}",
  journal = {\mnras},
archivePrefix = "arXiv",
   eprint = {0911.5347},
 keywords = {gravitational lensing: weak, galaxies: evolution, cosmology: observations, large-scale structure of Universe},
     year = 2011,
    month = jan,
   volume = 410,
    pages = {844-859},
      doi = {10.1111/j.1365-2966.2010.17485.x},
   adsurl = {http://adsabs.harvard.edu/abs/2011MNRAS.410..844M},
  adsnote = {Provided by the SAO/NASA Astrophysics Data System}
}

@ARTICLE{Mandelbaum2006,
   author = {{Mandelbaum}, R. and {Hirata}, C.~M. and {Ishak}, M. and {Seljak}, U. and 
	{Brinkmann}, J.},
    title = "{Detection of large-scale intrinsic ellipticity-density correlation from the Sloan Digital Sky Survey and implications for weak lensing surveys}",
  journal = {\mnras},
   eprint = {astro-ph/0509026},
 keywords = {gravitational lensing, cosmology: observations, large-scale structure of Universe},
     year = 2006,
    month = apr,
   volume = 367,
    pages = {611-626},
      doi = {10.1111/j.1365-2966.2005.09946.x},
   adsurl = {http://adsabs.harvard.edu/abs/2006MNRAS.367..611M},
  adsnote = {Provided by the SAO/NASA Astrophysics Data System}
}

@ARTICLE{2005MNRAS.361.1287M,
   author = {{Mandelbaum}, R. and {Hirata}, C.~M. and {Seljak}, U. and {Guzik}, J. and 
	{Padmanabhan}, N. and {Blake}, C. and {Blanton}, M.~R. and {Lupton}, R. and 
	{Brinkmann}, J.},
    title = "{Systematic errors in weak lensing: application to SDSS galaxy-galaxy weak lensing}",
  journal = {\mnras},
   eprint = {astro-ph/0501201},
 keywords = {gravitational lensing, galaxies: distances and redshifts, galaxies: halos},
     year = 2005,
    month = aug,
   volume = 361,
    pages = {1287-1322},
      doi = {10.1111/j.1365-2966.2005.09282.x},
   adsurl = {http://adsabs.harvard.edu/abs/2005MNRAS.361.1287M},
  adsnote = {Provided by the SAO/NASA Astrophysics Data System}
}

@ARTICLE{2012MNRAS.420.1518M,
   author = {{Mandelbaum}, R. and {Hirata}, C.~M. and {Leauthaud}, A. and 
	{Massey}, R.~J. and {Rhodes}, J.},
    title = "{Precision simulation of ground-based lensing data using observations from space}",
  journal = {\mnras},
archivePrefix = "arXiv",
   eprint = {1107.4629},
 keywords = {gravitational lensing: weak, methods: data analysis, techniques: image processing, galaxies: structure},
     year = 2012,
    month = feb,
   volume = 420,
    pages = {1518-1540},
      doi = {10.1111/j.1365-2966.2011.20138.x},
   adsurl = {http://adsabs.harvard.edu/abs/2012MNRAS.420.1518M},
  adsnote = {Provided by the SAO/NASA Astrophysics Data System}
}

@ARTICLE{2014ApJS..212....5M,
   author = {{Mandelbaum}, R. and {Rowe}, B. and {Bosch}, J. and {Chang}, C. and 
	{Courbin}, F. and {Gill}, M. and {Jarvis}, M. and {Kannawadi}, A. and 
	{Kacprzak}, T. and {Lackner}, C. and {Leauthaud}, A. and {Miyatake}, H. and 
	{Nakajima}, R. and {Rhodes}, J. and {Simet}, M. and {Zuntz}, J. and 
	{Armstrong}, B. and {Bridle}, S. and {Coupon}, J. and {Dietrich}, J.~P. and 
	{Gentile}, M. and {Heymans}, C. and {Jurling}, A.~S. and {Kent}, S.~M. and 
	{Kirkby}, D. and {Margala}, D. and {Massey}, R. and {Melchior}, P. and 
	{Peterson}, J. and {Roodman}, A. and {Schrabback}, T.},
    title = "{The Third Gravitational Lensing Accuracy Testing (GREAT3) Challenge Handbook}",
  journal = {\apjs},
archivePrefix = "arXiv",
   eprint = {1308.4982},
 keywords = {gravitational lensing: weak, methods: data analysis, methods: statistical, techniques: image processing},
     year = 2014,
    month = may,
   volume = 212,
      eid = {5},
    pages = {5},
      doi = {10.1088/0067-0049/212/1/5},
   adsurl = {http://adsabs.harvard.edu/abs/2014ApJS..212....5M},
  adsnote = {Provided by the SAO/NASA Astrophysics Data System}
}


@ARTICLE{Mandelbaum2015,
   author = {{Mandelbaum}, R. and {Rowe}, B. and {Armstrong}, R. and {Bard}, D. and 
	{Bertin}, E. and {Bosch}, J. and {Boutigny}, D. and {Courbin}, F. and 
	{Dawson}, W.~A. and {Donnarumma}, A. and {Fenech Conti}, I. and 
	{Gavazzi}, R. and {Gentile}, M. and {Gill}, M.~S.~S. and {Hogg}, D.~W. and 
	{Huff}, E.~M. and {Jee}, M.~J. and {Kacprzak}, T. and {Kilbinger}, M. and 
	{Kuntzer}, T. and {Lang}, D. and {Luo}, W. and {March}, M.~C. and 
	{Marshall}, P.~J. and {Meyers}, J.~E. and {Miller}, L. and {Miyatake}, H. and 
	{Nakajima}, R. and {Ngol{\'e} Mboula}, F.~M. and {Nurbaeva}, G. and 
	{Okura}, Y. and {Paulin-Henriksson}, S. and {Rhodes}, J. and 
	{Schneider}, M.~D. and {Shan}, H. and {Sheldon}, E.~S. and {Simet}, M. and 
	{Starck}, J.-L. and {Sureau}, F. and {Tewes}, M. and {Zarb Adami}, K. and 
	{Zhang}, J. and {Zuntz}, J.},
    title = "{GREAT3 results - I. Systematic errors in shear estimation and the impact of real galaxy morphology}",
  journal = {\mnras},
archivePrefix = "arXiv",
   eprint = {1412.1825},
 keywords = {gravitational lensing: weak, methods: data analysis, techniques: image processing, cosmology: observations},
     year = 2015,
    month = jul,
   volume = 450,
    pages = {2963-3007},
      doi = {10.1093/mnras/stv781},
   adsurl = {http://adsabs.harvard.edu/abs/2015MNRAS.450.2963M},
  adsnote = {Provided by the SAO/NASA Astrophysics Data System}
}

@ARTICLE{2008MNRAS.386..781M,
   author = {{Mandelbaum}, R. and {Seljak}, U. and {Hirata}, C.~M. and {Bardelli}, S. and 
	{Bolzonella}, M. and {Bongiorno}, A. and {Carollo}, M. and {Contini}, T. and 
	{Cunha}, C.~E. and {Garilli}, B. and {Iovino}, A. and {Kampczyk}, P. and 
	{Kneib}, J.-P. and {Knobel}, C. and {Koo}, D.~C. and {Lamareille}, F. and 
	{Le F{\`e}vre}, O. and {Le Borgne}, J.-F. and {Lilly}, S.~J. and 
	{Maier}, C. and {Mainieri}, V. and {Mignoli}, M. and {Newman}, J.~A. and 
	{Oesch}, P.~A. and {Perez-Montero}, E. and {Ricciardelli}, E. and 
	{Scodeggio}, M. and {Silverman}, J. and {Tasca}, L.},
    title = "{Precision photometric redshift calibration for galaxy-galaxy weak lensing}",
  journal = {\mnras},
archivePrefix = "arXiv",
   eprint = {0709.1692},
 keywords = {gravitational lensing , galaxies: distances and redshifts},
     year = 2008,
    month = may,
   volume = 386,
    pages = {781-806},
      doi = {10.1111/j.1365-2966.2008.12947.x},
   adsurl = {http://adsabs.harvard.edu/abs/2008MNRAS.386..781M},
  adsnote = {Provided by the SAO/NASA Astrophysics Data System}
}

@ARTICLE{Mandelbaum2013,
   author = {{Mandelbaum}, R. and {Slosar}, A. and {Baldauf}, T. and {Seljak}, U. and 
	{Hirata}, C.~M. and {Nakajima}, R. and {Reyes}, R. and {Smith}, R.~E.
	},
    title = "{Cosmological parameter constraints from galaxy-galaxy lensing and galaxy clustering with the SDSS DR7}",
  journal = {\mnras},
archivePrefix = "arXiv",
   eprint = {1207.1120},
 keywords = {gravitational lensing: weak, cosmological parameters, cosmology: observations, large-scale structure of Universe},
     year = 2013,
    month = jun,
   volume = 432,
    pages = {1544-1575},
      doi = {10.1093/mnras/stt572},
   adsurl = {http://adsabs.harvard.edu/abs/2013MNRAS.432.1544M},
  adsnote = {Provided by the SAO/NASA Astrophysics Data System}
}

@ARTICLE{Mantz2015,
  author = {{Mantz}, A.~B. and {von der Linden}, A. and {Allen}, S.~W. and 
       {Applegate}, D.~E. and {Kelly}, P.~L. and {Morris}, R.~G. and 
       {Rapetti}, D.~A. and {Schmidt}, R.~W. and {Adhikari}, S. and 
       {Allen}, M.~T. and {Burchat}, P.~R. and {Burke}, D.~L. and {Cataneo}, M. and 
       {Donovan}, D. and {Ebeling}, H. and {Shandera}, S. and {Wright}, A.
       },
   title = "{Weighing the giants - IV. Cosmology and neutrino mass}",
 journal = {\mnras},
archivePrefix = "arXiv",
  eprint = {1407.4516},
keywords = {cosmological parameters, cosmology: observations, large-scale structure of Universe, X-rays: galaxies: clusters},
    year = 2015,
   month = jan,
  volume = 446,
   pages = {2205-2225},
     doi = {10.1093/mnras/stu2096},
  adsurl = {http://adsabs.harvard.edu/abs/2015MNRAS.446.2205M},
 adsnote = {Provided by the SAO/NASA Astrophysics Data System}
}

@ARTICLE{Massey2007,
   author = {{Massey}, R. and {Heymans}, C. and {Berg{\'e}}, J. and {Bernstein}, G. and 
	{Bridle}, S. and {Clowe}, D. and {Dahle}, H. and {Ellis}, R. and 
	{Erben}, T. and {Hetterscheidt}, M. and {High}, F.~W. and {Hirata}, C. and 
	{Hoekstra}, H. and {Hudelot}, P. and {Jarvis}, M. and {Johnston}, D. and 
	{Kuijken}, K. and {Margoniner}, V. and {Mandelbaum}, R. and 
	{Mellier}, Y. and {Nakajima}, R. and {Paulin-Henriksson}, S. and 
	{Peeples}, M. and {Roat}, C. and {Refregier}, A. and {Rhodes}, J. and 
	{Schrabback}, T. and {Schirmer}, M. and {Seljak}, U. and {Semboloni}, E. and 
	{van Waerbeke}, L.},
    title = "{The Shear Testing Programme 2: Factors affecting high-precision weak-lensing analyses}",
  journal = {\mnras},
   eprint = {astro-ph/0608643},
 keywords = {gravitational lensing, methods: data analysis, cosmology: observations},
     year = 2007,
    month = mar,
   volume = 376,
    pages = {13-38},
      doi = {10.1111/j.1365-2966.2006.11315.x},
   adsurl = {http://adsabs.harvard.edu/abs/2007MNRAS.376...13M},
  adsnote = {Provided by the SAO/NASA Astrophysics Data System}
}


@ARTICLE{Masters2015,
   author = {{Masters}, D. and {Capak}, P. and {Stern}, D. and {Ilbert}, O. and 
	{Salvato}, M. and {Schmidt}, S. and {Longo}, G. and {Rhodes}, J. and 
	{Paltani}, S. and {Mobasher}, B. and {Hoekstra}, H. and {Hildebrandt}, H. and 
	{Coupon}, J. and {Steinhardt}, C. and {Speagle}, J. and {Faisst}, A. and 
	{Kalinich}, A. and {Brodwin}, M. and {Brescia}, M. and {Cavuoti}, S.
	},
    title = "{Mapping the Galaxy Color-Redshift Relation: Optimal Photometric Redshift Calibration Strategies for Cosmology Surveys}",
  journal = {ArXiv e-prints},
archivePrefix = "arXiv",
   eprint = {1509.03318},
 keywords = {Astrophysics - Cosmology and Nongalactic Astrophysics, Astrophysics - Astrophysics of Galaxies},
     year = 2015,
    month = sep,
   adsurl = {http://adsabs.harvard.edu/abs/2015arXiv150903318M},
  adsnote = {Provided by the SAO/NASA Astrophysics Data System}
}

@ARTICLE{mcDonald2009,
   author = {{McDonald}, P. and {Seljak}, U.},
    title = "{How to evade the sample variance limit on measurements of
redshift-space distortions}",
  journal = {\jcap},
archivePrefix = "arXiv",
   eprint = {0810.0323},
     year = 2009,
    month = oct,
   volume = 10,
      eid = {007},
    pages = {7},
      doi = {10.1088/1475-7516/2009/10/007},
   adsurl = {http://adsabs.harvard.edu/abs/2009JCAP...10..007M},
  adsnote = {Provided by the SAO/NASA Astrophysics Data System}
}

@ARTICLE{Mehta2015,
   author = {{Mehta}, V. and {Scarlata}, C. and {Colbert}, J.~W. and {Dai}, S.
and 
    {Dressler}, A. and {Henry}, A. and {Malkan}, M. and {Rafelski}, M. and 
    {Siana}, B. and {Teplitz}, H. and {Bagley}, M. and {Beck}, M. and 
    {Ross}, N.~R. and {Rutkowski}, M. and {Wang}, Y.},
    title = "{Predicting the redshift 2 Halpha luminosity function using [OIII]
emission line galaxies}",
  journal = {ArXiv e-prints},
archivePrefix = "arXiv",
   eprint = {1505.07843},
 keywords = {Astrophysics - Astrophysics of Galaxies},
     year = 2015,
    month = may,
   adsurl = {http://adsabs.harvard.edu/abs/2015arXiv150507843M},
  adsnote = {Provided by the SAO/NASA Astrophysics Data System}
}

@ARTICLE{2013MNRAS.433.2857M,
   author = {{McQuinn}, M. and {White}, M.},
    title = "{On using angular cross-correlations to determine source redshift distributions}",
  journal = {\mnras},
archivePrefix = "arXiv",
   eprint = {1302.0857},
 keywords = {galaxies: evolution, cosmology: theory, dark energy, large-scale structure of Universe},
     year = 2013,
    month = aug,
   volume = 433,
    pages = {2857-2883},
      doi = {10.1093/mnras/stt914},
   adsurl = {http://adsabs.harvard.edu/abs/2013MNRAS.433.2857M},
  adsnote = {Provided by the SAO/NASA Astrophysics Data System}
}

@ARTICLE{Menard2013,
   author = {{M{\'e}nard}, B. and {Scranton}, R. and {Schmidt}, S. and {Morrison}, C. and 
	{Jeong}, D. and {Budavari}, T. and {Rahman}, M.},
    title = "{Clustering-based redshift estimation: method and application to data}",
  journal = {ArXiv e-prints},
archivePrefix = "arXiv",
   eprint = {1303.4722},
 keywords = {Astrophysics - Cosmology and Nongalactic Astrophysics, Astrophysics - Astrophysics of Galaxies},
     year = 2013,
    month = mar,
   adsurl = {http://adsabs.harvard.edu/abs/2013arXiv1303.4722M},
  adsnote = {Provided by the SAO/NASA Astrophysics Data System}
}


@ARTICLE{More2015,
   author = {{More}, S. and {Miyatake}, H. and {Mandelbaum}, R. and {Takada}, M. and 
	{Spergel}, D.~N. and {Brownstein}, J.~R. and {Schneider}, D.~P.
	},
    title = "{The Weak Lensing Signal and the Clustering of BOSS Galaxies. II. Astrophysical and Cosmological Constraints}",
  journal = {\apj},
archivePrefix = "arXiv",
   eprint = {1407.1856},
 keywords = {cosmological parameters, cosmology: observations, cosmology: theory, dark matter, gravitational lensing: weak, large-scale structure of universe},
     year = 2015,
    month = jun,
   volume = 806,
      eid = {2},
    pages = {2},
      doi = {10.1088/0004-637X/806/1/2},
   adsurl = {http://adsabs.harvard.edu/abs/2015ApJ...806....2M},
  adsnote = {Provided by the SAO/NASA Astrophysics Data System}
}


@ARTICLE{2012MNRAS.420.3240N,
   author = {{Nakajima}, R. and {Mandelbaum}, R. and {Seljak}, U. and {Cohn}, J.~D. and 
	{Reyes}, R. and {Cool}, R.},
    title = "{Photometric redshift requirements for lens galaxies in galaxy-galaxy lensing analyses}",
  journal = {\mnras},
archivePrefix = "arXiv",
   eprint = {1107.1395},
 keywords = {gravitational lensing: weak, methods: data analysis, galaxies: distances and redshifts, cosmology: observations},
     year = 2012,
    month = mar,
   volume = 420,
    pages = {3240-3263},
      doi = {10.1111/j.1365-2966.2011.20249.x},
   adsurl = {http://adsabs.harvard.edu/abs/2012MNRAS.420.3240N},
  adsnote = {Provided by the SAO/NASA Astrophysics Data System}
}

@ARTICLE{2008ApJ...684...88N,
   author = {{Newman}, J.~A.},
    title = "{Calibrating Redshift Distributions beyond Spectroscopic Limits with Cross-Correlations}",
  journal = {\apj},
archivePrefix = "arXiv",
   eprint = {0805.1409},
 keywords = {Galaxies: Distances and Redshifts, Cosmology: Large-Scale Structure of Universe, Methods: Miscellaneous, Surveys},
     year = 2008,
    month = sep,
   volume = 684,
    pages = {88-101},
      doi = {10.1086/589982},
   adsurl = {http://adsabs.harvard.edu/abs/2008ApJ...684...88N},
  adsnote = {Provided by the SAO/NASA Astrophysics Data System}
}

@ARTICLE{Newman2015,
   author = {{Newman}, J.~A. and {Abate}, A. and {Abdalla}, F.~B. and {Allam}, S. and 
	{Allen}, S.~W. and {Ansari}, R. and {Bailey}, S. and {Barkhouse}, W.~A. and 
	{Beers}, T.~C. and {Blanton}, M.~R. and {Brodwin}, M. and {Brownstein}, J.~R. and 
	{Brunner}, R.~J. and {Carrasco Kind}, M. and {Cervantes-Cota}, J.~L. and 
	{Cheu}, E. and {Chisari}, N.~E. and {Colless}, M. and {Comparat}, J. and 
	{Coupon}, J. and {Cunha}, C.~E. and {de la Macorra}, A. and 
	{Dell'Antonio}, I.~P. and {Frye}, B.~L. and {Gawiser}, E.~J. and 
	{Gehrels}, N. and {Grady}, K. and {Hagen}, A. and {Hall}, P.~B. and 
	{Hearin}, A.~P. and {Hildebrandt}, H. and {Hirata}, C.~M. and 
	{Ho}, S. and {Honscheid}, K. and {Huterer}, D. and {Ivezi{\'c}}, {\v Z}. and 
	{Kneib}, J.-P. and {Kruk}, J.~W. and {Lahav}, O. and {Mandelbaum}, R. and 
	{Marshall}, J.~L. and {Matthews}, D.~J. and {M{\'e}nard}, B. and 
	{Miquel}, R. and {Moniez}, M. and {Moos}, H.~W. and {Moustakas}, J. and 
	{Myers}, A.~D. and {Papovich}, C. and {Peacock}, J.~A. and {Park}, C. and 
	{Rahman}, M. and {Rhodes}, J. and {Ricol}, J.-S. and {Sadeh}, I. and 
	{Slozar}, A. and {Schmidt}, S.~J. and {Stern}, D.~K. and {Anthony Tyson}, J. and 
	{von der Linden}, A. and {Wechsler}, R.~H. and {Wood-Vasey}, W.~M. and 
	{Zentner}, A.~R.},
    title = "{Spectroscopic needs for imaging dark energy experiments}",
  journal = {Astroparticle Physics},
     year = 2015,
    month = mar,
   volume = 63,
    pages = {81-100},
      doi = {10.1016/j.astropartphys.2014.06.007},
   adsurl = {http://adsabs.harvard.edu/abs/2015APh....63...81N},
  adsnote = {Provided by the SAO/NASA Astrophysics Data System}
}


@article{Mueller2014a,
      author         = "Mueller, Eva-Maria and de Bernardis, Francesco and Bean,
                        Rachel and Niemack, Michael D.",
      title          = "{Constraints on massive neutrinos from the pairwise
                        kinematic Sunyaev-Zel?dovich effect}",
      journal        = "Phys. Rev.",
      volume         = "D92",
      year           = "2015",
      number         = "6",
      pages          = "063501",
      doi            = "10.1103/PhysRevD.92.063501",
      eprint         = "1412.0592",
      archivePrefix  = "arXiv",
      primaryClass   = "astro-ph.CO",
      SLACcitation   = "%%CITATION = ARXIV:1412.0592;%%"
}

@article{Mueller2014b,
      author         = "Mueller, Eva-Maria and de Bernardis, Francesco and Bean,
                        Rachel and Niemack, Michael D.",
      title          = "{Constraints on gravity and dark energy from the pairwise
                        kinematic Sunyaev-Zeldovich effect}",
      journal        = "Astrophys. J.",
      volume         = "808",
      year           = "2015",
      number         = "1",
      pages          = "47",
      doi            = "10.1088/0004-637X/808/1/47",
      eprint         = "1408.6248",
      archivePrefix  = "arXiv",
      primaryClass   = "astro-ph.CO",
      SLACcitation   = "%%CITATION = ARXIV:1408.6248;%%"
}

@ARTICLE{Oguri2013,
   author = {{Oguri}, M. and {Schrabback}, T. and {Jullo}, E. and {Ota}, N. and 
	{Kochanek}, C.~S. and {Dai}, X. and {Ofek}, E.~O. and {Richards}, G.~T.
and 
	{Blandford}, R.~D. and {Falco}, E.~E. and {Fohlmeister}, J.},
    title = "{The Hidden Fortress: structure and substructure of the complex
strong lensing cluster SDSS J1029+2623}",
  journal = {\mnras},
archivePrefix = "arXiv",
   eprint = {1209.0458},
 keywords = {gravitational lensing: strong, gravitational lensing: weak,
galaxies: clusters: individual: SDSS J1029+2623, quasars: individual: SDSS
J1029+2623, dark matter, X-rays: galaxies: clusters},
     year = 2013,
    month = feb,
   volume = 429,
    pages = {482-493},
      doi = {10.1093/mnras/sts351},
   adsurl = {http://adsabs.harvard.edu/abs/2013MNRAS.429..482O},
  adsnote = {Provided by the SAO/NASA Astrophysics Data System}
}

@ARTICLE{Osumi2015,
   author = {{Osumi}, K. and {Ho}, S. and {Eisenstein}, D.~J. and
{Vargas-Maga{\~n}a}, M.
	},
    title = "{Robust New Statistic for fitting the Baryon Acoustic Feature}",
  journal = {ArXiv e-prints},
archivePrefix = "arXiv",
   eprint = {1505.00782},
 keywords = {Astrophysics - Cosmology and Nongalactic Astrophysics},
     year = 2015,
    month = may,
   adsurl = {http://adsabs.harvard.edu/abs/2015arXiv150500782O},
  adsnote = {Provided by the SAO/NASA Astrophysics Data System}
}

@ARTICLE{Padmanabhan2007,
   author = {{Padmanabhan}, N. and {Schlegel}, D.~J. and {Seljak}, U. and 
	{Makarov}, A. and {Bahcall}, N.~A. and {Blanton}, M.~R. and 
	{Brinkmann}, J. and {Eisenstein}, D.~J. and {Finkbeiner}, D.~P. and 
	{Gunn}, J.~E. and {Hogg}, D.~W. and {Ivezi{\'c}}, {\v Z}. and 
	{Knapp}, G.~R. and {Loveday}, J. and {Lupton}, R.~H. and {Nichol}, R.~C. and 
	{Schneider}, D.~P. and {Strauss}, M.~A. and {Tegmark}, M. and 
	{York}, D.~G.},
    title = "{The clustering of luminous red galaxies in the Sloan Digital Sky Survey imaging data}",
  journal = {\mnras},
   eprint = {astro-ph/0605302},
 keywords = {cosmological parameters, cosmology: observations, distance scale, large-scale structure of Universe},
     year = 2007,
    month = jul,
   volume = 378,
    pages = {852-872},
      doi = {10.1111/j.1365-2966.2007.11593.x},
   adsurl = {http://adsabs.harvard.edu/abs/2007MNRAS.378..852P},
  adsnote = {Provided by the SAO/NASA Astrophysics Data System}
}


@ARTICLE{Padmanabhan2008,
   author = {{Padmanabhan}, N. and {Schlegel}, D.~J. and {Finkbeiner}, D.~P. and 
	{Barentine}, J.~C. and {Blanton}, M.~R. and {Brewington}, H.~J. and 
	{Gunn}, J.~E. and {Harvanek}, M. and {Hogg}, D.~W. and {Ivezi{\'c}}, {\v Z}. and 
	{Johnston}, D. and {Kent}, S.~M. and {Kleinman}, S.~J. and {Knapp}, G.~R. and 
	{Krzesinski}, J. and {Long}, D. and {Neilsen}, Jr., E.~H. and 
	{Nitta}, A. and {Loomis}, C. and {Lupton}, R.~H. and {Roweis}, S. and 
	{Snedden}, S.~A. and {Strauss}, M.~A. and {Tucker}, D.~L.},
    title = "{An Improved Photometric Calibration of the Sloan Digital Sky Survey Imaging Data}",
  journal = {\apj},
   eprint = {astro-ph/0703454},
 keywords = {Techniques: Photometric},
     year = 2008,
    month = feb,
   volume = 674,
    pages = {1217-1233},
      doi = {10.1086/524677},
   adsurl = {http://adsabs.harvard.edu/abs/2008ApJ...674.1217P},
  adsnote = {Provided by the SAO/NASA Astrophysics Data System}
}

@ARTICLE{Padmanabhan2009,
   author = {{Padmanabhan}, N. and {White}, M.},
    title = "{Calibrating the baryon oscillation ruler for matter and halos}",
  journal = {\prd},
archivePrefix = "arXiv",
   eprint = {0906.1198},
 primaryClass = "astro-ph.CO",
 keywords = {Dark energy, Cosmology},
     year = 2009,
    month = sep,
   volume = 80,
   number = 6,
      eid = {063508},
    pages = {063508},
      doi = {10.1103/PhysRevD.80.063508},
   adsurl = {http://adsabs.harvard.edu/abs/2009PhRvD..80f3508P},
  adsnote = {Provided by the SAO/NASA Astrophysics Data System}
}

@ARTICLE{Padmanabhan2012,
   author = {{Padmanabhan}, N. and {Xu}, X. and {Eisenstein}, D.~J. and
{Scalzo}, R. and 
	{Cuesta}, A.~J. and {Mehta}, K.~T. and {Kazin}, E.},
    title = "{A 2 per cent distance to z = 0.35 by reconstructing baryon
acoustic oscillations - I. Methods and application to the Sloan Digital Sky
Survey}",
  journal = {\mnras},
archivePrefix = "arXiv",
   eprint = {1202.0090},
 keywords = {cosmological parameters, cosmology: observations, dark energy,
distance scale, large-scale structure of Universe},
     year = 2012,
    month = dec,
   volume = 427,
    pages = {2132-2145},
      doi = {10.1111/j.1365-2966.2012.21888.x},
   adsurl = {http://adsabs.harvard.edu/abs/2012MNRAS.427.2132P},
  adsnote = {Provided by the SAO/NASA Astrophysics Data System}
}

@ARTICLE{Pullen2015,
   author = {{Pullen}, A.~R. and {Hirata}, C.~M. and {Dor{\'e}}, O. and {Raccanelli}, A.
	},
    title = "{Interloper bias in future large-scale structure surveys}",
  journal = {ArXiv e-prints},
archivePrefix = "arXiv",
   eprint = {1507.05092},
 keywords = {Astrophysics - Cosmology and Nongalactic Astrophysics},
     year = 2015,
    month = jul,
   adsurl = {http://adsabs.harvard.edu/abs/2015arXiv150705092P},
  adsnote = {Provided by the SAO/NASA Astrophysics Data System}
}

@ARTICLE{Pullen2013,
   author = {{Pullen}, A.~R. and {Hirata}, C.~M.},
    title = "{Systematic Effects in Large-Scale Angular Power Spectra of
Photometric Quasars and Implications for Constraining Primordial
Non-Gaussianity}",
  journal = {\pasp},
archivePrefix = "arXiv",
   eprint = {1212.4500},
 primaryClass = "astro-ph.CO",
 keywords = {Data Analysis and Techniques},
     year = 2013,
    month = jun,
   volume = 125,
    pages = {705-718},
      doi = {10.1086/671189},
   adsurl = {http://adsabs.harvard.edu/abs/2013PASP..125..705P},
  adsnote = {Provided by the SAO/NASA Astrophysics Data System}
}

@ARTICLE{Pozzetti15,
   author = {{Pozzetti}, L. and {Hirata}, C.~M. and {Geach}, J.~E. and {Cimatti}, A. and {Baugh}, C. and {Cucciati}, O. and {Merson}, A. and {Norberg}, P. and {Shi}, D.},
    title = "{Modelling the number density of H{$\alpha$} emitters for future spectroscopic near-IR space missions}",
  journal = {\aap},
archivePrefix = "arXiv",
   eprint = {1603.01453},
 keywords = {galaxies: evolution, galaxies: high-redshift, galaxies: star formation, galaxies: luminosity function, mass function, cosmology: observations},
     year = 2016,
    month = may,
   volume = 590,
      eid = {A3},
    pages = {A3},
      doi = {10.1051/0004-6361/201527081},
   adsurl = {http://adsabs.harvard.edu/abs/2016A%26A...590A...3P},                                                                                                                                                          
  adsnote = {Provided by the SAO/NASA Astrophysics Data System}
}

@ARTICLE{Reid2015,
   author = {{Reid}, B. and {Ho}, S. and {Padmanabhan}, N. and {Percival}, W.~J. and 
	{Tinker}, J. and {Tojeiro}, R. and {White}, M. and {Eisenstein}, D.~J. and 
	{Maraston}, C. and {Ross}, A.~J. and {Sanchez}, A.~G. and {Schlegel}, D. and 
	{Sheldon}, E. and {Strauss}, M.~A. and {Thomas}, D. and {Wake}, D. and 
	{Beutler}, F. and {Bizyaev}, D. and {Bolton}, A.~S. and {Brownstein}, J.~R. and 
	{Chuang}, C.-H. and {Dawson}, K. and {Harding}, P. and {Kitaura}, F.-S. and 
	{Leauthaud}, A. and {Masters}, K. and {McBride}, C.~K. and {More}, S. and 
	{Olmstead}, M.~D. and {Oravetz}, D. and {Nuza}, S.~E. and {Pan}, K. and 
	{Parejko}, J. and {Pforr}, J. and {Prada}, F. and {Rodriguez-Torres}, S. and 
	{Salazar-Albornoz}, S. and {Samushia}, L. and {Schneider}, D.~P. and 
	{Scoccola}, C.~G. and {Simmons}, A. and {Vargas-Magana}, M.},
    title = "{SDSS-III Baryon Oscillation Spectroscopic Survey Data Release 12: galaxy target selection and large scale structure catalogues}",
  journal = {ArXiv e-prints},
archivePrefix = "arXiv",
   eprint = {1509.06529},
 keywords = {Astrophysics - Cosmology and Nongalactic Astrophysics, Astrophysics - Astrophysics of Galaxies},
     year = 2015,
    month = sep,
   adsurl = {http://adsabs.harvard.edu/abs/2015arXiv150906529R},
  adsnote = {Provided by the SAO/NASA Astrophysics Data System}
}


@ARTICLE{Reid2014,
   author = {{Reid}, B.~A. and {Seo}, H.-J. and {Leauthaud}, A. and {Tinker},
J.~L. and 
	{White}, M.},
    title = "{A 2.5 per cent measurement of the growth rate from small-scale
redshift space clustering of SDSS-III CMASS galaxies}",
  journal = {\mnras},
archivePrefix = "arXiv",
   eprint = {1404.3742},
 keywords = {galaxies: haloes, galaxies: statistics, cosmological parameters,
large-scale structure of Universe},
     year = 2014,
    month = oct,
   volume = 444,
    pages = {476-502},
      doi = {10.1093/mnras/stu1391},
   adsurl = {http://adsabs.harvard.edu/abs/2014MNRAS.444..476R},
  adsnote = {Provided by the SAO/NASA Astrophysics Data System}
}

@ARTICLE{Reid2010,
   author = {{Reid}, B.~A. and {Percival}, W.~J. and {Eisenstein}, D.~J. and 
	{Verde}, L. and {Spergel}, D.~N. and {Skibba}, R.~A. and {Bahcall},
N.~A. and 
	{Budavari}, T. and {Frieman}, J.~A. and {Fukugita}, M. and {Gott}, J.~R.
and 
	{Gunn}, J.~E. and {Ivezi{\'c}}, {\v Z}. and {Knapp}, G.~R. and 
	{Kron}, R.~G. and {Lupton}, R.~H. and {McKay}, T.~A. and {Meiksin}, A.
and 
	{Nichol}, R.~C. and {Pope}, A.~C. and {Schlegel}, D.~J. and 
	{Schneider}, D.~P. and {Stoughton}, C. and {Strauss}, M.~A. and 
	{Szalay}, A.~S. and {Tegmark}, M. and {Vogeley}, M.~S. and {Weinberg},
D.~H. and 
	{York}, D.~G. and {Zehavi}, I.},
    title = "{Cosmological constraints from the clustering of the Sloan Digital
Sky Survey DR7 luminous red galaxies}",
  journal = {\mnras},
archivePrefix = "arXiv",
   eprint = {0907.1659},
 primaryClass = "astro-ph.CO",
 keywords = {cosmology: observations, large-scale structure of Universe,
galaxies: haloes, galaxies: statistics},
     year = 2010,
    month = may,
   volume = 404,
    pages = {60-85},
      doi = {10.1111/j.1365-2966.2010.16276.x},
   adsurl = {http://adsabs.harvard.edu/abs/2010MNRAS.404...60R},
  adsnote = {Provided by the SAO/NASA Astrophysics Data System}
}


@article{Rowe:2011wj,
      author         = "Rowe, Barnaby and Hirata, Christopher and Rhodes, Jason",
      title          = "{Optimal Linear Image Combination}",
      journal        = "Astrophys. J.",
      volume         = "741",
      year           = "2011",
      pages          = "46",
      doi            = "10.1088/0004-637X/741/1/46",
      eprint         = "1105.2852",
      archivePrefix  = "arXiv",
      primaryClass   = "astro-ph.IM",
      SLACcitation   = "%%CITATION = ARXIV:1105.2852;%%"
}

@ARTICLE{Ross2012,
   author = {{Ross}, A.~J. and {Percival}, W.~J. and {S{\'a}nchez}, A.~G. and 
	{Samushia}, L. and {Ho}, S. and {Kazin}, E. and {Manera}, M. and 
	{Reid}, B. and {White}, M. and {Tojeiro}, R. and {McBride}, C.~K. and 
	{Xu}, X. and {Wake}, D.~A. and {Strauss}, M.~A. and {Montesano}, F. and 
	{Swanson}, M.~E.~C. and {Bailey}, S. and {Bolton}, A.~S. and 
	{Dorta}, A.~M. and {Eisenstein}, D.~J. and {Guo}, H. and {Hamilton}, J.-C. and 
	{Nichol}, R.~C. and {Padmanabhan}, N. and {Prada}, F. and {Schlegel}, D.~J. and 
	{Maga{\~n}a}, M.~V. and {Zehavi}, I. and {Blanton}, M. and {Bizyaev}, D. and 
	{Brewington}, H. and {Cuesta}, A.~J. and {Malanushenko}, E. and 
	{Malanushenko}, V. and {Oravetz}, D. and {Parejko}, J. and {Pan}, K. and 
	{Schneider}, D.~P. and {Shelden}, A. and {Simmons}, A. and {Snedden}, S. and 
	{Zhao}, G.-b.},
    title = "{The clustering of galaxies in the SDSS-III Baryon Oscillation Spectroscopic Survey: analysis of potential systematics}",
  journal = {\mnras},
archivePrefix = "arXiv",
   eprint = {1203.6499},
 keywords = {cosmology: observations, distance scale, large-scale structure of Universe},
     year = 2012,
    month = jul,
   volume = 424,
    pages = {564-590},
      doi = {10.1111/j.1365-2966.2012.21235.x},
   adsurl = {http://adsabs.harvard.edu/abs/2012MNRAS.424..564R},
  adsnote = {Provided by the SAO/NASA Astrophysics Data System}
}

@ARTICLE{Ross2011,
   author = {{Ross}, A.~J. and {Ho}, S. and {Cuesta}, A.~J. and {Tojeiro}, R. and 
	{Percival}, W.~J. and {Wake}, D. and {Masters}, K.~L. and {Nichol}, R.~C. and 
	{Myers}, A.~D. and {de Simoni}, F. and {Seo}, H.~J. and {Hern{\'a}ndez-Monteagudo}, C. and 
	{Crittenden}, R. and {Blanton}, M. and {Brinkmann}, J. and {da Costa}, L.~A.~N. and 
	{Guo}, H. and {Kazin}, E. and {Maia}, M.~A.~G. and {Maraston}, C. and 
	{Padmanabhan}, N. and {Prada}, F. and {Ramos}, B. and {Sanchez}, A. and 
	{Schlafly}, E.~F. and {Schlegel}, D.~J. and {Schneider}, D.~P. and 
	{Skibba}, R. and {Thomas}, D. and {Weaver}, B.~A. and {White}, M. and 
	{Zehavi}, I.},
    title = "{Ameliorating systematic uncertainties in the angular clustering of galaxies: a study using the SDSS-III}",
  journal = {\mnras},
archivePrefix = "arXiv",
   eprint = {1105.2320},
 keywords = {methods: statistical, large-scale structure of Universe},
     year = 2011,
    month = oct,
   volume = 417,
    pages = {1350-1373},
      doi = {10.1111/j.1365-2966.2011.19351.x},
   adsurl = {http://adsabs.harvard.edu/abs/2011MNRAS.417.1350R},
  adsnote = {Provided by the SAO/NASA Astrophysics Data System}
}


@ARTICLE{2015A&C....10..121R,
   author = {{Rowe}, B.~T.~P. and {Jarvis}, M. and {Mandelbaum}, R. and {Bernstein}, G.~M. and 
	{Bosch}, J. and {Simet}, M. and {Meyers}, J.~E. and {Kacprzak}, T. and 
	{Nakajima}, R. and {Zuntz}, J. and {Miyatake}, H. and {Dietrich}, J.~P. and 
	{Armstrong}, R. and {Melchior}, P. and {Gill}, M.~S.~S.},
    title = "{GALSIM: The modular galaxy image simulation toolkit}",
  journal = {Astronomy and Computing},
archivePrefix = "arXiv",
   eprint = {1407.7676},
 primaryClass = "astro-ph.IM",
 keywords = {Methods: data analysis, Techniques: image processing, Gravitational lensing, Cosmology: observations},
     year = 2015,
    month = apr,
   volume = 10,
    pages = {121-150},
      doi = {10.1016/j.ascom.2015.02.002},
   adsurl = {http://adsabs.harvard.edu/abs/2015A%26C....10..121R},
  adsnote = {Provided by the SAO/NASA Astrophysics Data System}
}

@ARTICLE{Rozo2010,
   author = {{Rozo}, E. and {Wechsler}, R.~H. and {Rykoff}, E.~S. and {Annis}, J.~T. and 
	{Becker}, M.~R. and {Evrard}, A.~E. and {Frieman}, J.~A. and 
	{Hansen}, S.~M. and {Hao}, J. and {Johnston}, D.~E. and {Koester}, B.~P. and 
	{McKay}, T.~A. and {Sheldon}, E.~S. and {Weinberg}, D.~H.},
    title = "{Cosmological Constraints from the Sloan Digital Sky Survey maxBCG Cluster Catalog}",
  journal = {\apj},
archivePrefix = "arXiv",
   eprint = {0902.3702},
 primaryClass = "astro-ph.CO",
 keywords = {cosmological parameters, cosmology: observations, large-scale structure of universe},
     year = 2010,
    month = jan,
   volume = 708,
    pages = {645-660},
      doi = {10.1088/0004-637X/708/1/645},
   adsurl = {http://adsabs.harvard.edu/abs/2010ApJ...708..645R},
  adsnote = {Provided by the SAO/NASA Astrophysics Data System}
}

@ARTICLE{Rykoff2014,
   author = {{Rykoff}, E.~S. and {Rozo}, E. and {Busha}, M.~T. and {Cunha},
C.~E. and 
	{Finoguenov}, A. and {Evrard}, A. and {Hao}, J. and {Koester}, B.~P. and 
	{Leauthaud}, A. and {Nord}, B. and {Pierre}, M. and {Reddick}, R. and 
	{Sadibekova}, T. and {Sheldon}, E.~S. and {Wechsler}, R.~H.},
    title = "{redMaPPer. I. Algorithm and SDSS DR8 Catalog}",
  journal = {\apj},
archivePrefix = "arXiv",
   eprint = {1303.3562},
 keywords = {galaxies: clusters: general},
     year = 2014,
    month = apr,
   volume = 785,
      eid = {104},
    pages = {104},
      doi = {10.1088/0004-637X/785/2/104},
   adsurl = {http://adsabs.harvard.edu/abs/2014ApJ...785..104R},
  adsnote = {Provided by the SAO/NASA Astrophysics Data System}
}

@ARTICLE{rzk2008,
   author = {{Rudd}, D.~H. and {Zentner}, A.~R. and {Kravtsov}, A.~V.},
    title = "{Effects of Baryons and Dissipation on the Matter Power Spectrum}",
  journal = {\apj},
   eprint = {astro-ph/0703741},
 keywords = {Cosmology: Theory, Galaxies: Clusters: General, Galaxies:
Evolution, Methods: Numerical},
     year = 2008,
    month = jan,
   volume = 672,
    pages = {19-32},
      doi = {10.1086/523836},
   adsurl = {http://adsabs.harvard.edu/abs/2008ApJ...672...19R},
  adsnote = {Provided by the SAO/NASA Astrophysics Data System}
}

@INPROCEEDINGS{2014AAS...22314106R,
   author = {{Rykoff}, E.~S. and {DES Cluster Working Group}},
    title = "{DES Galaxy Cluster Results}",
booktitle = {American Astronomical Society Meeting Abstracts \#223},
     year = 2014,
   series = {American Astronomical Society Meeting Abstracts},
   volume = 223,
    month = jan,
    pages = {#141.06},
   adsurl = {http://adsabs.harvard.edu/abs/2014AAS...22314106R},
  adsnote = {Provided by the SAO/NASA Astrophysics Data System}
}

@ARTICLE{Samushia2014,
   author = {{Samushia}, L. and {Reid}, B.~A. and {White}, M. and {Percival}, W.~J. and 
	{Cuesta}, A.~J. and {Zhao}, G.-B. and {Ross}, A.~J. and {Manera}, M. and 
	{Aubourg}, {\'E}. and {Beutler}, F. and {Brinkmann}, J. and 
	{Brownstein}, J.~R. and {Dawson}, K.~S. and {Eisenstein}, D.~J. and 
	{Ho}, S. and {Honscheid}, K. and {Maraston}, C. and {Montesano}, F. and 
	{Nichol}, R.~C. and {Roe}, N.~A. and {Ross}, N.~P. and {S{\'a}nchez}, A.~G. and 
	{Schlegel}, D.~J. and {Schneider}, D.~P. and {Streblyanska}, A. and 
	{Thomas}, D. and {Tinker}, J.~L. and {Wake}, D.~A. and {Weaver}, B.~A. and 
	{Zehavi}, I.},
    title = "{The clustering of galaxies in the SDSS-III Baryon Oscillation Spectroscopic Survey: measuring growth rate and geometry with anisotropic clustering}",
  journal = {\mnras},
archivePrefix = "arXiv",
   eprint = {1312.4899},
 keywords = {gravitation, cosmological parameters, dark energy, dark matter, distance scale, large-scale structure of Universe},
     year = 2014,
    month = apr,
   volume = 439,
    pages = {3504-3519},
      doi = {10.1093/mnras/stu197},
   adsurl = {http://adsabs.harvard.edu/abs/2014MNRAS.439.3504S},
  adsnote = {Provided by the SAO/NASA Astrophysics Data System}
}


@ARTICLE{Samushia2012,
   author = {{Samushia}, L. and {Percival}, W.~J. and {Raccanelli}, A.},
    title = "{Interpreting large-scale redshift-space distortion measurements}",
  journal = {\mnras},
archivePrefix = "arXiv",
   eprint = {1102.1014},
 keywords = {cosmological parameters, dark energy, large-scale structure of
Universe},
     year = 2012,
    month = mar,
   volume = 420,
    pages = {2102-2119},
      doi = {10.1111/j.1365-2966.2011.20169.x},
   adsurl = {http://adsabs.harvard.edu/abs/2012MNRAS.420.2102S},
  adsnote = {Provided by the SAO/NASA Astrophysics Data System}
}

@ARTICLE{Schafer2012,
   author = {{Sch{\"a}fer}, B.~M. and {Heisenberg}, L. and {Kalovidouris}, A.~F.
and 
	{Bacon}, D.~J.},
    title = "{On the validity of the Born approximation for weak cosmic
flexions}",
  journal = {\mnras},
archivePrefix = "arXiv",
   eprint = {1101.4769},
 primaryClass = "astro-ph.CO",
 keywords = {gravitational lensing: weak, methods: analytical, large-scale
structure of Universe},
     year = 2012,
    month = feb,
   volume = 420,
    pages = {455-467},
      doi = {10.1111/j.1365-2966.2011.20051.x},
   adsurl = {http://adsabs.harvard.edu/abs/2012MNRAS.420..455S},
  adsnote = {Provided by the SAO/NASA Astrophysics Data System}
}

@ARTICLE{2010ApJ...724.1305S,
   author = {{Schulz}, A.~E.},
    title = "{Calibrating Photometric Redshift Distributions with Cross-correlations}",
  journal = {\apj},
archivePrefix = "arXiv",
   eprint = {0910.3683},
 primaryClass = "astro-ph.CO",
 keywords = {galaxies: distances and redshifts, galaxies: photometry, gravitational lensing: weak, large-scale structure of universe},
     year = 2010,
    month = dec,
   volume = 724,
    pages = {1305-1315},
      doi = {10.1088/0004-637X/724/2/1305},
   adsurl = {http://adsabs.harvard.edu/abs/2010ApJ...724.1305S},
  adsnote = {Provided by the SAO/NASA Astrophysics Data System}
}

@ARTICLE{Seljak2009,
   author = {{Seljak}, U. and {Hamaus}, N. and {Desjacques}, V.},
    title = "{How to Suppress the Shot Noise in Galaxy Surveys}",
  journal = {Physical Review Letters},
archivePrefix = "arXiv",
   eprint = {0904.2963},
 primaryClass = "astro-ph.CO",
 keywords = {Observational cosmology, Origin formation evolution age and star
formation, Superclusters, large-scale structure of the Universe},
     year = 2009,
    month = aug,
   volume = 103,
   number = 9,
      eid = {091303},
    pages = {091303},
      doi = {10.1103/PhysRevLett.103.091303},
   adsurl = {http://adsabs.harvard.edu/abs/2009PhRvL.103i1303S},
  adsnote = {Provided by the SAO/NASA Astrophysics Data System}
}

@ARTICLE{shs2011,
   author = {{Semboloni}, E. and {Hoekstra}, H. and {Schaye}, J. and {van
Daalen}, M.~P. and 
	{McCarthy}, I.~G.},
    title = "{Quantifying the effect of baryon physics on weak lensing
tomography}",
  journal = {\mnras},
archivePrefix = "arXiv",
   eprint = {1105.1075},
 keywords = {gravitational lensing: weak, surveys, cosmological parameters,
cosmology: theory, dark energy, large-scale structure of Universe},
     year = 2011,
    month = nov,
   volume = 417,
    pages = {2020-2035},
      doi = {10.1111/j.1365-2966.2011.19385.x},
   adsurl = {http://adsabs.harvard.edu/abs/2011MNRAS.417.2020S},
  adsnote = {Provided by the SAO/NASA Astrophysics Data System}
}

@ARTICLE{Seo03,
   author = {{Seo}, H.-J. and {Eisenstein}, D.~J.},
    title = "{Probing Dark Energy with Baryonic Acoustic Oscillations from Future Large Galaxy Redshift Surveys}",
  journal = {\apj},
   eprint = {astro-ph/0307460},
 keywords = {Cosmology: Cosmological Parameters, Cosmology: Theory, Cosmology: Distance Scale, Cosmology: Large-Scale Structure of Universe, Methods: Statistical},
     year = 2003,
    month = dec,
   volume = 598,
    pages = {720-740},
      doi = {10.1086/379122},
   adsurl = {http://adsabs.harvard.edu/abs/2003ApJ...598..720S},
  adsnote = {Provided by the SAO/NASA Astrophysics Data System}
}

@article{Seshadri:2013xla,
      author         = "Seshadri, Suresh and Shapiro, Charles and Goodsall,
                        Timothy and Fucik, Jason and Hirata, Christopher M. and
                        Rhodes, Jason and Rowe, Barnaby and Smith, Roger",
      title          = "{Initial results from a laboratory emulation of weak
                        gravitational lensing measurements}",
      journal        = "Publ. Astron. Soc. Pac.",
      volume         = "125",
      year           = "2013",
      pages          = "1065",
      doi            = "10.1086/673318",
      eprint         = "1308.3875",
      archivePrefix  = "arXiv",
      primaryClass   = "astro-ph.IM",
      SLACcitation   = "%%CITATION = ARXIV:1308.3875;%%"
}

@BOOK{NWNH2010,
  author    = "National Research Council",
  title     = "New Worlds, New Horizons in Astronomy and Astrophysics",
  isbn      = "978-0-309-15799-5",
  abstract  = "Driven by discoveries, and enabled by leaps in technology and imagination, our understanding of the universe has changed dramatically during the course of the last few decades. The fields of astronomy and astrophysics are making new connections to physics, chemistry, biology, and computer science. Based on a broad and comprehensive survey of scientific opportunities, infrastructure, and organization in a national and international context, New Worlds, New Horizons in Astronomy and Astrophysics outlines a plan for ground- and space- based astronomy and astrophysics for the decade of the 2010's. Realizing these scientific opportunities is contingent upon maintaining and strengthening the foundations of the research enterprise including technological development, theory, computation and data handling, laboratory experiments, and human resources. New Worlds, New Horizons in Astronomy and Astrophysics proposes enhancing innovative but moderate-cost programs in space and on the ground that will enable the community to respond rapidly and flexibly to new scientific discoveries. The book recommends beginning construction on survey telescopes in space and on the ground to investigate the nature of dark energy, as well as the next generation of large ground-based giant optical telescopes and a new class of space-based gravitational observatory to observe the merging of distant black holes and precisely test theories of gravity. New Worlds, New Horizons in Astronomy and Astrophysics recommends a balanced and executable program that will support research surrounding the most profound questions about the cosmos. The discoveries ahead will facilitate the search for habitable planets, shed light on dark energy and dark matter, and aid our understanding of the history of the universe and how the earliest stars and galaxies formed. The book is a useful resource for agencies supporting the field of astronomy and astrophysics, the Congressional committees with jurisdiction over those agencies, the scientific community, and the public.  ",
  url       = "http://www.nap.edu/catalog/12951/new-worlds-new-horizons-in-astronomy-and-astrophysics",
  year      = 2010,
  publisher = "The National Academies Press",
  address   = "Washington, DC"
}

@ARTICLE{Schaan14,
   author = {{Schaan}, E. and {Takada}, M. and {Spergel}, D.~N.},
    title = "{Joint likelihood function of cluster counts and n -point correlation functions: Improving their power through including halo sample variance}",
  journal = {\prd},
archivePrefix = "arXiv",
   eprint = {1406.3330},
 keywords = {Cosmology, Dark energy, Observation and data reduction techniques, computer modeling and simulation, Superclusters, large-scale structure of the Universe},
     year = 2014,
    month = dec,
   volume = 90,
   number = 12,
      eid = {123523},
    pages = {123523},
      doi = {10.1103/PhysRevD.90.123523},
   adsurl = {http://adsabs.harvard.edu/abs/2014PhRvD..90l3523S},
  adsnote = {Provided by the SAO/NASA Astrophysics Data System}
}

@ARTICLE{Shim09,
   author = {{Shim}, H. and {Colbert}, J. and {Teplitz}, H. and {Henry}, A. and 
	{Malkan}, M. and {McCarthy}, P. and {Yan}, L.},
    title = "{Global Star Formation Rate Density over 0.7<z<1.9}",
  journal = {\apj},
archivePrefix = "arXiv",
   eprint = {0902.0736},
 primaryClass = "astro-ph.CO",
 keywords = {galaxies: evolution, galaxies: high-redshift, galaxies: luminosity function, mass function, galaxies: starburst},
     year = 2009,
    month = may,
   volume = 696,
    pages = {785-796},
      doi = {10.1088/0004-637X/696/1/785},
   adsurl = {http://adsabs.harvard.edu/abs/2009ApJ...696..785S},
  adsnote = {Provided by the SAO/NASA Astrophysics Data System}
}

@ARTICLE{Sheldon2009,
   author = {{Sheldon}, E.~S. and {Johnston}, D.~E. and {Scranton}, R. and 
	{Koester}, B.~P. and {McKay}, T.~A. and {Oyaizu}, H. and {Cunha}, C. and 
	{Lima}, M. and {Lin}, H. and {Frieman}, J.~A. and {Wechsler}, R.~H. and 
	{Annis}, J. and {Mandelbaum}, R. and {Bahcall}, N.~A. and {Fukugita}, M.
	},
    title = "{Cross-correlation Weak Lensing of SDSS Galaxy Clusters. I. Measurements}",
  journal = {\apj},
archivePrefix = "arXiv",
   eprint = {0709.1153},
 keywords = {dark matter, galaxies: clusters: general, gravitational lensing, large-scale structure of universe},
     year = 2009,
    month = oct,
   volume = 703,
    pages = {2217-2231},
      doi = {10.1088/0004-637X/703/2/2217},
   adsurl = {http://adsabs.harvard.edu/abs/2009ApJ...703.2217S},
  adsnote = {Provided by the SAO/NASA Astrophysics Data System}
}

@ARTICLE{2015MNRAS.449.1259S,
   author = {{Simet}, M. and {Mandelbaum}, R.},
    title = "{Background sky obscuration by cluster galaxies as a source of systematic error for weak lensing}",
  journal = {\mnras},
archivePrefix = "arXiv",
   eprint = {1406.4908},
 keywords = {gravitational lensing: weak, methods: data analysis, galaxies: clusters: general},
     year = 2015,
    month = may,
   volume = 449,
    pages = {1259-1269},
      doi = {10.1093/mnras/stv313},
   adsurl = {http://adsabs.harvard.edu/abs/2015MNRAS.449.1259S},
  adsnote = {Provided by the SAO/NASA Astrophysics Data System}
}

@ARTICLE{Singh2015,
   author = {{Singh}, S. and {Mandelbaum}, R. and {More}, S.},
    title = "{Intrinsic alignments of SDSS-III BOSS LOWZ sample galaxies}",
  journal = {\mnras},
archivePrefix = "arXiv",
   eprint = {1411.1755},
 keywords = {gravitational lensing: weak, galaxies: evolution, cosmology: observations, large-scale structure of Universe},
     year = 2015,
    month = jun,
   volume = 450,
    pages = {2195-2216},
      doi = {10.1093/mnras/stv778},
   adsurl = {http://adsabs.harvard.edu/abs/2015MNRAS.450.2195S},
  adsnote = {Provided by the SAO/NASA Astrophysics Data System}
}

@ARTICLE{Sobral09,
   author = {{Sobral}, D. and {Best}, P.~N. and {Geach}, J.~E. and {Smail}, I. and {Kurk}, J. and {Cirasuolo}, M. and {Casali}, M. and {Ivison}, R.~J. and {Coppin}, K. and {Dalton}, G.~B.},
    title = "{HiZELS: a high-redshift survey of H{$\alpha$} emitters - II. The nature of star-forming galaxies at z = 0.84}",
  journal = {\mnras},
archivePrefix = "arXiv",
   eprint = {0901.4114},
 keywords = {galaxies: evolution , galaxies: high-redshift , galaxies: luminosity function , cosmology: observations},
     year = 2009,
    month = sep,
   volume = 398,
    pages = {75-90},
      doi = {10.1111/j.1365-2966.2009.15129.x},
   adsurl = {http://adsabs.harvard.edu/abs/2009MNRAS.398...75S},
  adsnote = {Provided by the SAO/NASA Astrophysics Data System}
}

@ARTICLE{Sobral12,
   author = {{Sobral}, D. and {Best}, P.~N. and {Matsuda}, Y. and {Smail}, I. and {Geach}, J.~E. and {Cirasuolo}, M.},
    title = "{Star formation at z=1.47 from HiZELS: an H$\gt${$\alpha$}+[O II] double-blind study}",
  journal = {\mnras},
archivePrefix = "arXiv",
   eprint = {1109.1830},
 keywords = {galaxies: evolution, galaxies: high-redshift, galaxies: luminosity function, mass function, cosmology: observations},
     year = 2012,
    month = mar,
   volume = 420,
    pages = {1926-1945},
      doi = {10.1111/j.1365-2966.2011.19977.x},
   adsurl = {http://adsabs.harvard.edu/abs/2012MNRAS.420.1926S},
  adsnote = {Provided by the SAO/NASA Astrophysics Data System}
}

@ARTICLE{Sobral13,
   author = {{Sobral}, D. and {Smail}, I. and {Best}, P.~N. and {Geach}, J.~E. and {Matsuda}, Y. and {Stott}, J.~P. and {Cirasuolo}, M. and {Kurk}, J.},
    title = "{A large H{$\alpha$} survey at z = 2.23, 1.47, 0.84 and 0.40: the 11 Gyr evolution of star-forming galaxies from HiZELS}",
  journal = {\mnras},
archivePrefix = "arXiv",
   eprint = {1202.3436},
 keywords = {galaxies: evolution, galaxies: high-redshift, galaxies: luminosity function, mass function, cosmology: observations},
     year = 2013,
    month = jan,
   volume = 428,
    pages = {1128-1146},
      doi = {10.1093/mnras/sts096},
   adsurl = {http://adsabs.harvard.edu/abs/2013MNRAS.428.1128S},
  adsnote = {Provided by the SAO/NASA Astrophysics Data System}
}

@ARTICLE{Spergel2013,
   author = {{Spergel}, D. and {Gehrels}, N. and {Breckinridge}, J. and {Donahue}, M. and 
	{Dressler}, A. and {Gaudi}, B.~S. and {Greene}, T. and {Guyon}, O. and 
	{Hirata}, C. and {Kalirai}, J. and {Kasdin}, N.~J. and {Moos}, W. and 
	{Perlmutter}, S. and {Postman}, M. and {Rauscher}, B. and {Rhodes}, J. and 
	{Wang}, Y. and {Weinberg}, D. and {Centrella}, J. and {Traub}, W. and 
	{Baltay}, C. and {Colbert}, J. and {Bennett}, D. and {Kiessling}, A. and 
	{Macintosh}, B. and {Merten}, J. and {Mortonson}, M. and {Penny}, M. and 
	{Rozo}, E. and {Savransky}, D. and {Stapelfeldt}, K. and {Zu}, Y. and 
	{Baker}, C. and {Cheng}, E. and {Content}, D. and {Dooley}, J. and 
	{Foote}, M. and {Goullioud}, R. and {Grady}, K. and {Jackson}, C. and 
	{Kruk}, J. and {Levine}, M. and {Melton}, M. and {Peddie}, C. and 
	{Ruffa}, J. and {Shaklan}, S.},
    title = "{Wide-Field InfraRed Survey Telescope-Astrophysics Focused Telescope Assets WFIRST-AFTA Final Report}",
  journal = {ArXiv e-prints},
archivePrefix = "arXiv",
   eprint = {1305.5422},
 primaryClass = "astro-ph.IM",
 keywords = {Astrophysics - Instrumentation and Methods for Astrophysics},
     year = 2013,
    month = may,
   adsurl = {http://adsabs.harvard.edu/abs/2013arXiv1305.5422S},
  adsnote = {Provided by the SAO/NASA Astrophysics Data System}
}

@ARTICLE{Spergel2015,
   author = {{Spergel}, D. and {Gehrels}, N. and {Baltay}, C. and {Bennett}, D. and 
	{Breckinridge}, J. and {Donahue}, M. and {Dressler}, A. and 
	{Gaudi}, B.~S. and {Greene}, T. and {Guyon}, O. and {Hirata}, C. and 
	{Kalirai}, J. and {Kasdin}, N.~J. and {Macintosh}, B. and {Moos}, W. and 
	{Perlmutter}, S. and {Postman}, M. and {Rauscher}, B. and {Rhodes}, J. and 
	{Wang}, Y. and {Weinberg}, D. and {Benford}, D. and {Hudson}, M. and 
	{Jeong}, W.-S. and {Mellier}, Y. and {Traub}, W. and {Yamada}, T. and 
	{Capak}, P. and {Colbert}, J. and {Masters}, D. and {Penny}, M. and 
	{Savransky}, D. and {Stern}, D. and {Zimmerman}, N. and {Barry}, R. and 
	{Bartusek}, L. and {Carpenter}, K. and {Cheng}, E. and {Content}, D. and 
	{Dekens}, F. and {Demers}, R. and {Grady}, K. and {Jackson}, C. and 
	{Kuan}, G. and {Kruk}, J. and {Melton}, M. and {Nemati}, B. and 
	{Parvin}, B. and {Poberezhskiy}, I. and {Peddie}, C. and {Ruffa}, J. and 
	{Wallace}, J.~K. and {Whipple}, A. and {Wollack}, E. and {Zhao}, F.
	},
    title = "{Wide-Field InfrarRed Survey Telescope-Astrophysics Focused Telescope Assets WFIRST-AFTA 2015 Report}",
  journal = {ArXiv e-prints},
archivePrefix = "arXiv",
   eprint = {1503.03757},
 primaryClass = "astro-ph.IM",
 keywords = {Astrophysics - Instrumentation and Methods for Astrophysics},
     year = 2015,
    month = mar,
   adsurl = {http://adsabs.harvard.edu/abs/2015arXiv150303757S},
  adsnote = {Provided by the SAO/NASA Astrophysics Data System}
}

@ARTICLE{Springel05,
   author = {{Springel}, V. and {White}, S.~D.~M. and {Jenkins},
                  A. and {Frenk}, C.~S. and {Yoshida}, N. and {Gao},
                  L. and {Navarro}, J. and {Thacker}, R. and {Croton},
                  D. and {Helly}, J. and {Peacock}, J.~A. and {Cole}\
                  , S. and {Thomas}, P. and {Couchman}, H. and
                  {Evrard}, A. and {Colberg}, J. and {Pearce}, F.},
    title = "{Simulations of the formation, evolution and clustering of galaxies and quasars}",
  journal = {\nat},
   eprint = {astro-ph/0504097},
     year = 2005,
    month = jun,
   volume = 435,
    pages = {629-636},
      doi = {10.1038/nature03597},
   adsurl = {http://adsabs.harvard.edu/abs/2005Natur.435..629S},
  adsnote = {Provided by the SAO/NASA Astrophysics Data System}
}

@ARTICLE{Takada08,
   author = {{Takada}, M. and {Jain}, B.},
    title = "{Cosmological parameters from lensing power spectrum and bispectrum tomography}",
  journal = {\mnras},
   eprint = {astro-ph/0310125},
 keywords = {gravitational lensing, cosmology: theory, dark matter, large-scale structure of Universe},
     year = 2004,
    month = mar,
   volume = 348,
    pages = {897-915},
      doi = {10.1111/j.1365-2966.2004.07410.x},
   adsurl = {http://adsabs.harvard.edu/abs/2004MNRAS.348..897T},
  adsnote = {Provided by the SAO/NASA Astrophysics Data System}
}

@ARTICLE{Tenneti2015,
   author = {{Tenneti}, A. and {Mandelbaum}, R. and {Di Matteo}, T. and {Kiessling}, A. and 
	{Khandai}, N.},
    title = "{Galaxy shapes and alignments in the MassiveBlack-II hydrodynamic and dark matter-only simulations}",
  journal = {\mnras},
archivePrefix = "arXiv",
   eprint = {1505.03124},
 keywords = {gravitational lensing: weak, hydrodynamics, methods: numerical, galaxies: star formation, cosmology: theory},
     year = 2015,
    month = oct,
   volume = 453,
    pages = {469-482},
      doi = {10.1093/mnras/stv1625},
   adsurl = {http://adsabs.harvard.edu/abs/2015MNRAS.453..469T},
  adsnote = {Provided by the SAO/NASA Astrophysics Data System}
}



@ARTICLE{Teplitz03,
   author = {{Teplitz}, H.~I. and {Collins}, N.~R. and {Gardner}, J.~P. and 
	{Hill}, R.~S. and {Heap}, S.~R. and {Lindler}, D.~J. and {Rhodes}, J. and 
	{Woodgate}, B.~E.},
    title = "{Emission-Line Galaxies in the Space Telescope Imaging Spectrograph Parallel Survey. I. Observations and Data Analysis}",
  journal = {\apjs},
   eprint = {astro-ph/0212576},
 keywords = {Cosmology: Observations, Galaxies: Evolution, Galaxies: Fundamental Parameters},
     year = 2003,
    month = jun,
   volume = 146,
    pages = {209-248},
      doi = {10.1086/373988},
   adsurl = {http://adsabs.harvard.edu/abs/2003ApJS..146..209T},
  adsnote = {Provided by the SAO/NASA Astrophysics Data System}
}

@ARTICLE{Tinker2005,
   author = {{Tinker}, J.~L. and {Weinberg}, D.~H. and {Zheng}, Z. and {Zehavi}, I.
	},
    title = "{On the Mass-to-Light Ratio of Large-Scale Structure}",
  journal = {\apj},
   eprint = {astro-ph/0411777},
 keywords = {Cosmology: Observations, Cosmology: Theory, Galaxies: Clusters: General, Cosmology: Large-Scale Structure of Universe},
     year = 2005,
    month = sep,
   volume = 631,
    pages = {41-58},
      doi = {10.1086/432084},
   adsurl = {http://adsabs.harvard.edu/abs/2005ApJ...631...41T},
  adsnote = {Provided by the SAO/NASA Astrophysics Data System}
}

@ARTICLE{Tinker2012,
   author = {{Tinker}, J.~L. and {Sheldon}, E.~S. and {Wechsler}, R.~H. and 
	{Becker}, M.~R. and {Rozo}, E. and {Zu}, Y. and {Weinberg}, D.~H. and 
	{Zehavi}, I. and {Blanton}, M.~R. and {Busha}, M.~T. and {Koester}, B.~P.
	},
    title = "{Cosmological Constraints from Galaxy Clustering and the Mass-to-number Ratio of Galaxy Clusters}",
  journal = {\apj},
archivePrefix = "arXiv",
   eprint = {1104.1635},
 keywords = {cosmological parameters, galaxies: clusters: general, galaxies: halos, large-scale structure of universe},
     year = 2012,
    month = jan,
   volume = 745,
      eid = {16},
    pages = {16},
      doi = {10.1088/0004-637X/745/1/16},
   adsurl = {http://adsabs.harvard.edu/abs/2012ApJ...745...16T},
  adsnote = {Provided by the SAO/NASA Astrophysics Data System}
}

@ARTICLE{Vargas2015,
   author = {{Vargas-Maga{\~n}a}, M. and {Ho}, S. and {Fromenteau}, S. and 
	{Cuesta}, A.~J.},
    title = "{The clustering of galaxies in the SDSS-III Baryon Oscillation
Spectroscopic Survey: Effect of smoothing of density field on reconstruction and
anisotropic BAO analysis}",
  journal = {ArXiv e-prints},
archivePrefix = "arXiv",
   eprint = {1509.06384},
 keywords = {Astrophysics - Cosmology and Nongalactic Astrophysics},
     year = 2015,
    month = sep,
   adsurl = {http://adsabs.harvard.edu/abs/2015arXiv150906384V},
  adsnote = {Provided by the SAO/NASA Astrophysics Data System}
}


@ARTICLE{VonDerLinden2014,
   author = {{von der Linden}, A. and {Allen}, M.~T. and {Applegate}, D.~E. and 
	{Kelly}, P.~L. and {Allen}, S.~W. and {Ebeling}, H. and {Burchat}, P.~R. and 
	{Burke}, D.~L. and {Donovan}, D. and {Morris}, R.~G. and {Blandford}, R. and 
	{Erben}, T. and {Mantz}, A.},
    title = "{Weighing the Giants - I. Weak-lensing masses for 51 massive galaxy clusters: project overview, data analysis methods and cluster images}",
  journal = {\mnras},
archivePrefix = "arXiv",
   eprint = {1208.0597},
 keywords = {gravitational lensing: weak, methods: data analysis, galaxies: clusters: general, galaxies: elliptical and lenticular, cD, cosmology: observations},
     year = 2014,
    month = mar,
   volume = 439,
    pages = {2-27},
      doi = {10.1093/mnras/stt1945},
   adsurl = {http://adsabs.harvard.edu/abs/2014MNRAS.439....2V},
  adsnote = {Provided by the SAO/NASA Astrophysics Data System}
}

@ARTICLE{Wang08,
   author = {{Wang}, Y.},
    title = "{Differentiating dark energy and modified gravity with galaxy redshift surveys}",
  journal = {\jcap},
archivePrefix = "arXiv",
   eprint = {0710.3885},
     year = 2008,
    month = may,
   volume = 5,
      eid = {021},
    pages = {21},
      doi = {10.1088/1475-7516/2008/05/021},
   adsurl = {http://adsabs.harvard.edu/abs/2008JCAP...05..021W},
  adsnote = {Provided by the SAO/NASA Astrophysics Data System}
}


@BOOK{Wang2010,
   author = {{Wang}, Y.},
    title = "{Dark Energy}",
booktitle = "{Dark Energy}",
     year = 2010,
   adsurl = {http://adsabs.harvard.edu/abs/2010dark.book.....W},
  adsnote = {Provided by the SAO/NASA Astrophysics Data System},
 publisher = "Wiley-VCH",
}

@ARTICLE{WangEuclid2010,
   author = {{Wang}, Y. and {Percival}, W. and {Cimatti}, A. and {Mukherjee}, P. and 
	{Guzzo}, L. and {Baugh}, C.~M. and {Carbone}, C. and {Franzetti}, P. and 
	{Garilli}, B. and {Geach}, J.~E. and {Lacey}, C.~G. and {Majerotto}, E. and 
	{Orsi}, A. and {Rosati}, P. and {Samushia}, L. and {Zamorani}, G.
	},
    title = "{Designing a space-based galaxy redshift survey to probe dark energy}",
  journal = {\mnras},
archivePrefix = "arXiv",
   eprint = {1006.3517},
 keywords = {cosmology: observations, distance scale, large-scale structure of Universe},
     year = 2010,
    month = dec,
   volume = 409,
    pages = {737-749},
      doi = {10.1111/j.1365-2966.2010.17335.x},
   adsurl = {http://adsabs.harvard.edu/abs/2010MNRAS.409..737W},
  adsnote = {Provided by the SAO/NASA Astrophysics Data System}
}


@ARTICLE{Wang2013,
   author = {{Wang}, Y. and {Chuang}, C.-H. and {Hirata}, C.~M.},
    title = "{Towards more realistic forecasting of dark energy constraints from galaxy redshift surveys}",
  journal = {\mnras},
archivePrefix = "arXiv",
   eprint = {1211.0532},
 keywords = {cosmology: observations, distance scale, large-scale structure of Universe},
     year = 2013,
    month = apr,
   volume = 430,
    pages = {2446-2453},
      doi = {10.1093/mnras/stt068},
   adsurl = {http://adsabs.harvard.edu/abs/2013MNRAS.430.2446W},
  adsnote = {Provided by the SAO/NASA Astrophysics Data System}
}

@ARTICLE{Wang2014,
   author = {{Wang}, Y.},
    title = "{Model-independent measurements of cosmic expansion and growth at z = 0.57 using the anisotropic clustering of CMASS galaxies from the Sloan Digital Sky Survey Data Release 9}",
  journal = {\mnras},
archivePrefix = "arXiv",
   eprint = {1404.5589},
 keywords = {cosmology: observations, distance scale, large-scale structure of Universe},
     year = 2014,
    month = oct,
   volume = 443,
    pages = {2950-2956},
      doi = {10.1093/mnras/stu1374},
   adsurl = {http://adsabs.harvard.edu/abs/2014MNRAS.443.2950W},
  adsnote = {Provided by the SAO/NASA Astrophysics Data System}
}


@ARTICLE{Weinberg2013,
   author = {{Weinberg}, D.~H. and {Mortonson}, M.~J. and {Eisenstein}, D.~J. and 
	{Hirata}, C. and {Riess}, A.~G. and {Rozo}, E.},
    title = "{Observational probes of cosmic acceleration}",
  journal = {\physrep},
archivePrefix = "arXiv",
   eprint = {1201.2434},
     year = 2013,
    month = sep,
   volume = 530,
    pages = {87-255},
      doi = {10.1016/j.physrep.2013.05.001},
   adsurl = {http://adsabs.harvard.edu/abs/2013PhR...530...87W},
  adsnote = {Provided by the SAO/NASA Astrophysics Data System}
}

@ARTICLE{Yoo2012,
   author = {{Yoo}, J. and {Seljak}, U.},
    title = "{Joint analysis of gravitational lensing, clustering, and abundance: Toward the unification of large-scale structure analysis}",
  journal = {\prd},
archivePrefix = "arXiv",
   eprint = {1207.2471},
 keywords = {Cosmology, Distances redshifts radial velocities, spatial distribution of galaxies, Galaxy groups clusters and superclusters, large scale structure of the Universe, Mathematical and relativistic aspects of cosmology},
     year = 2012,
    month = oct,
   volume = 86,
   number = 8,
      eid = {083504},
    pages = {083504},
      doi = {10.1103/PhysRevD.86.083504},
   adsurl = {http://adsabs.harvard.edu/abs/2012PhRvD..86h3504Y},
  adsnote = {Provided by the SAO/NASA Astrophysics Data System}
}

@ARTICLE{Wu2010,
  author = {{Wu}, H.-Y. and {Rozo}, E. and {Wechsler}, R.~H.},
   title = "{Annealing a Follow-up Program: Improvement of the Dark Energy Figure of Merit for Optical Galaxy Cluster Surveys}",
 journal = {\apj},
archivePrefix = "arXiv",
  eprint = {0907.2690},
primaryClass = "astro-ph.CO",
keywords = {cosmological parameters, cosmology: theory, galaxies: clusters: general, galaxies: halos, methods: statistical},
    year = 2010,
   month = apr,
  volume = 713,
   pages = {1207-1218},
     doi = {10.1088/0004-637X/713/2/1207},
  adsurl = {http://adsabs.harvard.edu/abs/2010ApJ...713.1207W},
 adsnote = {Provided by the SAO/NASA Astrophysics Data System}
}

@ARTICLE{Xu2012,
   author = {{Xu}, X. and {Padmanabhan}, N. and {Eisenstein}, D.~J. and {Mehta}, K.~T. and 
	{Cuesta}, A.~J.},
    title = "{A 2 per cent distance to z = 0.35 by reconstructing baryon acoustic oscillations - II. Fitting techniques}",
  journal = {\mnras},
archivePrefix = "arXiv",
   eprint = {1202.0091},
 keywords = {cosmological parameters, cosmology: observations, cosmology: theory, distance scale, large-scale structure of Universe},
     year = 2012,
    month = dec,
   volume = 427,
    pages = {2146-2167},
      doi = {10.1111/j.1365-2966.2012.21573.x},
   adsurl = {http://adsabs.harvard.edu/abs/2012MNRAS.427.2146X},
  adsnote = {Provided by the SAO/NASA Astrophysics Data System}
}


@ARTICLE{Yoo2006,
   author = {{Yoo}, J. and {Tinker}, J.~L. and {Weinberg}, D.~H. and {Zheng}, Z. and 
	{Katz}, N. and {Dav{\'e}}, R.},
    title = "{From Galaxy-Galaxy Lensing to Cosmological Parameters}",
  journal = {\apj},
   eprint = {astro-ph/0511580},
 keywords = {Cosmology: Theory, Cosmology: Dark Matter, Galaxies: Halos, Cosmology: Gravitational Lensing, Cosmology: Large-Scale Structure of Universe},
     year = 2006,
    month = nov,
   volume = 652,
    pages = {26-42},
      doi = {10.1086/507591},
   adsurl = {http://adsabs.harvard.edu/abs/2006ApJ...652...26Y},
  adsnote = {Provided by the SAO/NASA Astrophysics Data System}
}

@ARTICLE{Zentner2013,
   author = {{Zentner}, A.~R. and {Semboloni}, E. and {Dodelson}, S. and 
	{Eifler}, T. and {Krause}, E. and {Hearin}, A.~P.},
    title = "{Accounting for baryons in cosmological constraints from cosmic
shear}",
  journal = {\prd},
archivePrefix = "arXiv",
   eprint = {1212.1177},
 keywords = {Cosmology, Galactic halo, Distances redshifts radial velocities,
spatial distribution of galaxies},
     year = 2013,
    month = feb,
   volume = 87,
   number = 4,
      eid = {043509},
    pages = {043509},
      doi = {10.1103/PhysRevD.87.043509},
   adsurl = {http://adsabs.harvard.edu/abs/2013PhRvD..87d3509Z},
  adsnote = {Provided by the SAO/NASA Astrophysics Data System}
}

@ARTICLE{Zhu2015,
   author = {{Zhu}, F. and {Padmanabhan}, N. and {White}, M.},
    title = "{Optimal redshift weighting for baryon acoustic oscillations}",
  journal = {\mnras},
archivePrefix = "arXiv",
   eprint = {1411.1424},
 keywords = {cosmological parameters, dark energy, distance scale},
     year = 2015,
    month = jul,
   volume = 451,
    pages = {236-243},
      doi = {10.1093/mnras/stv964},
   adsurl = {http://adsabs.harvard.edu/abs/2015MNRAS.451..236Z},
  adsnote = {Provided by the SAO/NASA Astrophysics Data System}
}

@ARTICLE{Zu2014,
   author = {{Zu}, Y. and {Weinberg}, D.~H. and {Rozo}, E. and {Sheldon}, E.~S. and 
	{Tinker}, J.~L. and {Becker}, M.~R.},
    title = "{Cosmological constraints from the large-scale weak lensing of SDSS MaxBCG clusters}",
  journal = {\mnras},
archivePrefix = "arXiv",
   eprint = {1207.3794},
 keywords = {methods: statistical, cosmological parameters, large-scale structure of Universe},
     year = 2014,
    month = apr,
   volume = 439,
    pages = {1628-1647},
      doi = {10.1093/mnras/stu033},
   adsurl = {http://adsabs.harvard.edu/abs/2014MNRAS.439.1628Z},
  adsnote = {Provided by the SAO/NASA Astrophysics Data System}
}

@ARTICLE{Zu2015,
   author = {{Zu}, Y. and {Mandelbaum}, R.},
    title = "{Mapping stellar content to dark matter halos using galaxy clustering and galaxy-galaxy lensing in the SDSS DR7}",
  journal = {\mnras},
archivePrefix = "arXiv",
   eprint = {1505.02781},
 keywords = {gravitational lensing: weak, methods: statistical, galaxies: luminosity function, mass function, cosmology: observations, large-scale structure of Universe},
     year = 2015,
    month = dec,
   volume = 454,
    pages = {1161-1191},
      doi = {10.1093/mnras/stv2062},
   adsurl = {http://adsabs.harvard.edu/abs/2015MNRAS.454.1161Z},
  adsnote = {Provided by the SAO/NASA Astrophysics Data System}
}





